% For adding a optional hyphenation and hyphen see: https://tex.stackexchange.com/questions/185134

%===================================================================================================
%==== COMPUTER SCIENCES
%===================================================================================================

%---- Périodiques
%------------------------------------------------
@periodical{cpercget2016,
	title						= {En bref},
	issuetitle			= {CPER 2015-2020 : soutenir l'investissement dans les territoires},
	date						= {2016-01},
	issue						= {11},
	editor		 			= {{-- Commissariat général à l'égalité des territoires} \textsc{Cget}},
	location				= {Paris},
	language				= {french},
	url							= {http://www.cget.gouv.fr/sites/cget.gouv.fr/files/atoms/files/en-bref-11-cget-12-2015.pdf},
	keywords				= {epn-fablab,inria-mooc},
}

%---- Articles
%------------------------------------------------
@article{Abiteboul-et-al:2015,
	author					= {Serge Abiteboul and Benjamin André and Daniel Kaplan},
	title						= {Managing your digital life},
	journal					= {Communications of the Association for the Computing Machinery},
	%journaltitle		= {},
	volume					= {58},
	number					= {5},
	pages						= {32–-35},
	numpages				= {4},
	year						= {2015},
	month						= {4},% Must be an integer
	%month						= {aug.},
	issue_date			= {May 2015},
	language				= {english},
	langid					= {english},
	doi							= {10.1145/2670528},
	url							= {https://doi.org/10.1145/2670528},
	%eprint					= {},
	issn						= {0001-0782},
	publisher				= {Association for Computing Machinery},
	address					= {New York, NY, USA},
	%abstract				= {},
	keywords				= {inria-mooc},
	%note						= {},
	%addendum				= {},
}
@article{Berners-Lee-et-al:1994,
	author					= {Tim Berners-Lee and Robert Cailliau and Ari Luotonen
										and {Henrik Frystyk} Nielsen and Arthur Secret},
	title						= {The World-Wide Web},
	journal					= {Communications of the Association for the Computing Machinery},
	%journaltitle		= {},
	volume					= {37},
	number					= {8},
	pages						= {76--82},
	numpages				= {7},
	year						= {1994},
	month						= {8},% Must be an integer
	%month						= {aug.},
	issue_date			= {Aug. 1994},
	language				= {english},
	langid					= {english},
	doi							= {10.1145/179606.179671},
	url							= {http://doi.acm.org/10.1145/179606.179671},
	%eprint					= {},
	issn						= {0001-0782},
	publisher				= {Association for Computing Machinery},
	address					= {New York, NY, USA},
	%abstract				= {},
	keywords				= {inria-mooc},
	%note						= {},
	%addendum				= {},
}
@article{Bolt:1980,
	author					= {Richard A. Bolt},
	title						= {Put-that-there: Voice and Gesture at the Graphics Interface},
	journal					= {Association for the Computing Machinery SIGGRAPH Computer Graphics},
	%journaltitle		= {},
	volume					= {14},
	number					= {3},
	pages						= {262--270},
	numpages				= {9},
	year						= {1980},
	month						= {7},% Must be an integer
	%month						= {jul.},
	issue_date			= {July 1980},
	language				= {english},
	langid					= {english},
	doi							= {10.1145/965105.807503},
	url							= {http://doi.acm.org/10.1145/965105.807503},
	%eprint					= {},
	issn						= {0097-8930},
	publisher				= {Association for Computing Machinery},
	address					= {New York, NY, USA},
	abstract				= {Recent technological advances in connected-speech recognition and position
										sensing in space have encouraged the notion that voice and gesture inputs
										at the graphics interface can converge to provide a concerted, natural user
										modality. The work described herein involves the user commanding simple shapes
										about a large-screen graphics display surface. Because voice can be augmented
										with simultaneous pointing, the free usage of pronouns becomes possible,
										with a corresponding gain in naturalness and economy of expression.
										Conversely, gesture aided by voice gains precision in its power to reference.},
	keywords				= {inria-mooc, Gesture, Graphics, Graphics interface, Man-machine interfaces,
										Space sensing, Spatial data management, Speech input, Voice input},
	%note						= {},
	%addendum				= {},
}
@article{Boulding:1956,
	author					= {Kenneth E. Boulding},
	title						= {General Systems Theory -- The Skeleton of Science},
	journal					= {Management Science},
	%journaltitle		= {Management Science},
	volume					= {2},% {vol. 2}
	number					= {3},% {n°3}
	pages						= {197--208},
	year						= {1956},
	language				= {english},
	langid					= {english},
	%doi							= {10.1287/mnsc.2.3.197},
	url							= {http://dx.doi.org/10.1287/mnsc.2.3.197},
	%eprint					= {http://dx.doi.org/10.1287/mnsc.2.3.197},
	issn						= {0025-1909},
	abstract				= {In recent years increasing need has been felt for a body of systematic
										theoretical constructs which will discuss the general relationships of the
										empirical world. This is the quest of General Systems Theory. It does not seek,
										of course, to establish a single, self-contained “general theory of practically
										everything” which will replace all the special theories of particular
										disciplines. Such a theory would be almost without content, for we always pay
										for generality by sacrificing content, and all we can say about practically
										everything is almost nothing. Somewhere however between the specific that has
										no meaning and the general that has no content there must be, for each purpose
										and at each level of abstraction, an optimum degree of generality. It is the
										contention of the General Systems Theorists that this optimum degree of
										generality in theory is not always reached by the particular sciences.},
	keywords				= {cnam-nfa007,cnam-nfa013},
	note						= {},
	addendum				= {},
}
@article{Booch:1982,
	author					= {Grady Booch},
	title						= {Object-Oriented Design},
	journal					= {ACM SIGAda Ada Letters},
	%journaltitle		= {},
	volume					= {1},
	number					= {3},
	pages						= {64--76},
	year						= {1982},
	language				= {english},
	langid					= {english},
	issn						= {1094-3641},
	doi							= {10.1145/989791.989795},
	url							= {https://dl.acm.org/citation.cfm?id=989795&dl=ACM&coll=DL},
	publisher				= {ACM},
	%eprint					= {},
	%abstract				= {},
	keywords				= {cnam-nfa013},
	addendum				= {},
}
@article{Bush:1945,
	author					= {Vannevar Bush},
	title						= {As We May Think},
	journal					= {The Atlantic Monthly},
	%journaltitle		= {},
	%volume					= {},
	number					= {176},
	pages						= {101--108},
	%numpages				= {},
	year						= {1945},
	month						= {7},% Must be an integer
	%month						= {jul.},
	issue_date			= {July 1945},
	language				= {english},
	langid					= {english},
	%doi							= {10.1145/965105.807503},
	url							= {https://www.theatlantic.com/magazine/archive/1945/07/as-we-may-think/303881/},
	%eprint					= {},
	%issn						= {},
	%publisher				= {},
	%address					= {New York, NY, USA},
	%abstract				= {},
	keywords				= {inria-mooc},
	note						= {Reprinted and discussed in ACM Interactions, 3(2), March 1996, pp. 35--67.},
	%addendum				= {},
}
@article{INSEE:mars2015,
	author					= {François Gleizes and Carine Burricand},
	title						= {De plus en plus de foyers équipés de biens électroniques},
	journaltitle		= {Insee Focus},
	issue						= {20},
	date						= {2015-03},
	editor					= {\textsc{Insee}},
	language				= {french},
	url							= {http://www.insee.fr/fr/themes/document.asp?ref_id=if20#inter1},
	keywords				= {epn-fablab,inria-mooc},
}
@article{Johnston-et-al:1989,
	author					= {Jeff A. Johnson and Teresa L. Robert and William Verplank and David C. Smith
										and Charles Irby and Marian Beard and Kevin Mackey},
	title						= {The Xerox `Star': A Retrospective},
	journal					= {IEEE Computer},
	%journaltitle		= {},
	volume					= {22},
	number					= {9},
	pages						= {11--26},
	%numpages				= {},
	year						= {1989},
	month						= {9},% Must be an integer
	%month						= {jul.},
	issue_date			= {September 1989},
	language				= {english},
	langid					= {english},
	doi							= {10.1109/2.35211},
	%url							= {https://www.researchgate.net/publication/2953879_The_Xerox_Star_A_Retrospective},
	url							= {./Documents/Chapter01/johnston-et-al-1989-The_Xerox_Star_A_Retrospective.pdf},
	%eprint					= {},
	issn						= {0018-9162},
	publisher				= {Institute of Electrical and Electronics Engineers},
	address					= {Los Alamitos, CA, A},
	keywords				= {inria-mooc,
										Workstations,Information systems,Office automation,Documentation,
										Ethernet networks,File servers,Printers,History},
	note						= {Reprinted in Ron M. Baecker, Jonathan Grudin, William Buxton, Saul Greenberg
										(Eds.), \textit{Human Computer Interaction: Toward the Year 2000},
										Morgan Kaufman Publishers, 1995},
	%addendum				= {},
	abstract				= {A description is given of the Xerox 8010 Star information system, which was
										designed as an office automation system. The idea was that professionals
										in a business or organization would have workstations on their desks
										and would use them to produce, retrieve, distribute, and organize
										documentation, presentations, memos, and reports.
										All of the workstations in an organization would be connected via Ethernet
										and would share access to file servers, printers, etc. The distinctive
										features of Star are identified, and changes to the original design
										are examined.
										A history of Star development is included. Some lessons learned
										from designing Star are related.},
}
@article{Krueger:1985,
	author					= {Myron W. Krueger and Stephen Wilson},
	title						= {`VIDEOPLACE': A Report from the Artificial Reality Laboratory},
	journal					= {Leonardo},
	%journaltitle		= {},
	volume					= {18},
	number					= {3},
	pages						= {145--151},
	numpages				= {8},
	year						= {1985},
	%month						= {},% Must be an integer
	%month						= {jul.},
	%issue_date			= {},
	language				= {english},
	langid					= {english},
	doi							= {10.2307/1578043},
	url							= {},
	eprint					= {},
	issn						= {0024-094X},
	publisher				= {The MIT Press},
	address					= {Cambridge, MA, USA},
	keywords				= {inria-mooc,
										Graphics, Computer art, Personal computers, Computer programming, Fractals,
										Art exhibitions, Silhouettes, Operating systems, Mazes},
	note						= {},
	addendum				= {},
	abstract				= {The author argues that one of the computer's most unique features,
										its ability to respond in real-time, has yet to be fully exploited.
										For the past 16 years he has been creating an interactive computer medium
										in which the computer perceives a participant's actions and responds
										in real-time with visual and auditory displays. He describes
										his conceptual discovery process as well as work in progress.},
}
@article{LeMondeCampus:2016,
	author					= {Séverin Graveleau},
	title						= {L’avenir appartient aux diplômés du numérique},
	journaltitle		= {Le Monde Campus},
	date						= {2016-04-27},
	language				= {french},
	url							= {http://www.lemonde.fr/campus/article/2016/04/27/l-avenir-appartient-aux-diplomes-du-numerique_4909801_4401467.html},
	keywords				= {epn-fablab,inria-mooc},
}
@article{LeMondeEmmausConnect:2016,
	author					= {Collectif {Le Monde}},
	title						= {La numérisation facteur d’exclusion pour ceux qui cumulent précarité sociale et numérique},
	journaltitle		= {Le Monde},
	date						= {2016-04-07},
	language				= {french},
	url							= {http://www.lemonde.fr/acces-restreint/idees/article/2016/04/07/6d6d6b9d6a6d69c592676163639f6f_4897781_3232.html},
	keywords				= {epn-fablab,inria-mooc},
}
@article{Marquet-et-al:2019,
	author					= {Kevin Marquet and Françoise Berthoud and Jacques Combaz},
	title						= {Introduction aux impacts environnementaux du numérique},
	journal					= {1024 --- Bulletin de la Société informatique de France},
	%journaltitle		= {},
	%volume					= {},
	number					= {13},
	pages						= {85--97},
	numpages				= {13},
	year						= {2019},
	%month						= {4},% Must be an integer
	%month						= {jul.},
	issue_date			= {Avril 2019},
	language				= {french},
	langid					= {french},
	%doi							= {},
	%url							= {./Documents/Chapter09/docIX-02-marquet-etal-1024-sif-13-2019pdf},
	url							= {https://www.societe-informatique-de-france.fr/bulletin/},
	eprint					= {},
	%issn						= {1072-5520},
	publisher				= {Société informatique de France},
	address					= {Paris},
	keywords				= {inria-mooc},
	note						= {},
	addendum				= {},
	abstract				= {Notre civilisation fait aujourd’hui face à plusieurs menaces majeures 
										qui sont lerésultat de l’activité humaine : le réchauffement climatique, 
										l’érosion de la bio-diversité qui est considérée comme la sixième extinction 
										de masse des espèces,l’épuisement progressif des ressources naturelles, 
										la dégradation des sols, etc. Dans le cadre de la COP21 de 2015 
										et des accords de Paris, les états se sont engagés à réduire les émissions 
										de gaz à effet de serre afin de maintenir d’ici 2100 la hausse d
										e la température mondiale en dessous de 2oC par rapport 
										à l’ère pré-industrielle, ce quiimplique en particulier de décarboner 
										massivement et sans plus attendre notre énergie, mais aussi de maîtriser 
										nos besoins énergétiques. Comme nous le verrons dansce qui suit, 
										le numérique n’est pas à ce jour la révolution attendue pour décarboner 
										ou dématérialiser notre économie, mais bien au contraire un poste 
										de consommation supplémentaire, voire un amplificateur 
										des impacts environnementaux des autres secteurs de l’économie. 
										À partir de ce constat, nous proposerons quelques pistes de réflexion 
										et d’action dans le domaine de la recherche et de la formation 
										pour réduire les impacts négatifs du numérique.},
}
@article{Meyers:1998,
	author					= {Brad A. Myers},
	title						= {A Brief History of Human Computer Interaction Technology},
	journal					= {ACM Interactions},
	%journaltitle		= {},
	volume					= {5},
	number					= {2},
	pages						= {44--54},
	numpages				= {11},
	year						= {1998},
	%month						= {},% Must be an integer
	%month						= {jul.},
	issue_date			= {March/April 1998},
	language				= {english},
	langid					= {english},
	doi							= {10.1145/274430.274436},
	url							= {./Documents/Chapter01/uihistoryinteractions.pdf},
	eprint					= {},
	issn						= {1072-5520},
	publisher				= {Association for the Computing Machinery},
	address					= {New York, NY, USA},
	keywords				= {inria-mooc},
	note						= {},
	addendum				= {},
	abstract				= {This article summarizes the historical development of major advances
										in human computer interaction technology, emphasizing the pivotal role
										of university research in the advancement of the field.
										Copyright 1996 --- Carnegie Mellon University.\\[0.25ex]
										A short excerpt from this article appeared as part
										of "Strategic Directions in Human Computer Interaction," edited by Brad Myers,
										Jim Hollan, Isabel Cruz, ACM Computing Surveys, 28(4), December 1996.\\[0.25ex]
										This research was partially sponsored by NCCOSC under Contract
										N°N66001-94-C-6037, Arpa Order N°B326 and partially by NSF
										under grant number IRI-9319969.\\[0.25ex]
										The views and conclusions contained in this document are those of the authors
										and should not be interpreted as representing the official policies,
										either expressed or implied, of NCCOSC or the U.S. Government.},
}
@article{Perkins-et-al:1997,
	author					= {Roderick Perkins and Dan Keller and Frank Ludolph},
	title						= {Inventing the Lisa User Interface},
	journal					= {ACM Interactions},
	%journaltitle		= {},
	volume					= {4},
	number					= {1},
	pages						= {40--53},
	numpages				= {14},
	year						= {1997},
	%month						= {},% Must be an integer
	%month						= {jul.},
	issue_date			= {Jan./Feb. 1997},
	language				= {english},
	langid					= {english},
	doi							= {10.1145/242388.242405},
	url							= {http://doi.acm.org/10.1145/242388.242405},
	eprint					= {},
	issn						= {1072-5520},
	publisher				= {Association for the Computing Machinery},
	address					= {New York, NY, USA},
	keywords				= {inria-mooc},
	note						= {},
	addendum				= {},
	abstract				= {},
}
@article{SmithSmith:1977,
	author					= {John M. {Smith} and Diane C.P. {Smith}},
	title						= {Database abstraction{:} aggregation and generalization},
	journal					= {ACM Transactions on Database Systems},
	%journaltitle		= {ACM Transactions on Database Systems},
	volume					= {2},% {vol. 2}
	number					= {2},% {n°2}
	pages						= {105--133},
	year						= {1977},
	language				= {english},
	langid					= {english},
	issn						= {0362-5915},
	%doi							= {10.1145/320544.320546},
	url							= {https://dl.acm.org/citation.cfm?id=320546},
	%eprint					= {},
	%abstract				= {},
	keywords				= {cnam-nfa007,cnam-nfa008,cnam-nfa013},
	addendum				= {},
}
@article{Shneiderman:1983,
	author					= {Ben Shneiderman},
	title						= {Direct Manipulation: A Step Beyond Programming Languages},
	journal					= {IEEE Computer},
	%journaltitle		= {},
	volume					= {16},
	number					= {8},
	pages						= {57--69},
	numpages				= {13},
	year						= {1983},
	%month						= {},% Must be an integer
	%month						= {jul.},
	issue_date			= {Jan./Feb. 1997},
	language				= {english},
	langid					= {english},
	doi							= {10.1109/MC.1983.1654471},
	url							= {http://dx.doi.org/10.1109/MC.1983.1654471},
	eprint					= {},
	issn						= {0018-9162},
	publisher				= {IEEE Computer Society Press},
	address					= {Los Alamitos, CA, USA},
	keywords				= {inria-mooc},
	note						= {},
	addendum				= {},
	abstract				= {},
}
@article{Weiser:1991,
	author					= {Mark Weiser},
	title						= {The Computer for the Twenty-First Century},
	journal					= {Scientific American},
	%journaltitle		= {},
	volume					= {265},
	number					= {3},
	pages						= {94--104},
	numpages				= {11},
	year						= {1991},
	%month						= {},% Must be an integer
	%month						= {jul.},
	issue_date			= {Sep. 1991},
	language				= {english},
	langid					= {english},
	doi							= {},
	url							= {},
	eprint					= {},
	issn						= {0036-8733},
	publisher				= {Springer Nature},
	address					= {New York, NY, USA},
	keywords				= {inria-mooc},
	note						= {},
	addendum				= {},
	abstract				= {Specialized elements of hardware and software, connected by wires,
										radio waves and infrared, will be so ubiquitous that no one will notice
										their presence.},
}
@article{Wellner-et-al:1993,
	author					= {Pierre Wellner and Wendy Mackay and Rich Gold},
	title						= {Back to the Real World},
	journal					= {Communications of the ACM},
	%journaltitle		= {},
	volume					= {36},
	number					= {7},
	pages						= {24--26},
	numpages				= {3},
	year						= {1993},
	%month						= {},% Must be an integer
	%month						= {jul.},
	issue_date			= {July 1993},
	language				= {english},
	langid					= {english},
	doi							= {10.1145/159544.159555},
	url							= {http://doi.acm.org/10.1145/159544.159555},
	eprint					= {},
	issn						= {0001-0782},
	publisher				= {Association for the Computing Machinery},
	address					= {New York, NY, USA},
	keywords				= {inria-mooc},
	note						= {Special issue on Computer-Augmented Environments},
	addendum				= {},
	abstract				= {},
}
@article{vanZoonen:2016,
	author					= {Liesbet {van Zoonen}},
	title						= {Privacy concerns in smart cities},
	journal					= {Government Information Quarterly},
	%journaltitle		= {},
	volume					= {33},
	number					= {3},
	pages						= {472-480},
	numpages				= {8},
	year						= {2016},
	%month						= {},% Must be an integer
	%month						= {jul.},
	issue_date			= {July 2016},
	language				= {english},
	langid					= {english},
	doi							= {10.1016/j.giq.2016.06.004},
	url							= {https://reader.elsevier.com/reader/sd/pii/S0740624X16300818?token=B4905DCA7A871FB90C99C2A2AD1C094427EBB51A0F2E55859E41E4A6FD316FC24840D069F6BDDA403B5155EC51B44BCF},
	eprint					= {},
	issn						= {0740624X},
	publisher				= {Elsevier Ltd.},
	%address					= {},
	keywords				= {inria-mooc},
	note						= {This article is available under the Creative Commons CC-BY-NC-ND license
										and permits non-commercial use of the work as published, without adaptation
										or alteration provided the work is fully attributed.},
	addendum				= {},
	abstract				= {In this paper a framework is constructed to hypothesize if and how
										smart city technologies and urban big data produce privacy concerns
										among the people in these cities (as inhabitants, workers, visitors,
										and otherwise). The framework is built on the basis of two recurring
										dimensions in research about people's concerns about privacy: one dimensions
										represents that people perceive particular data as more personal
										and sensitive than others, the other dimension represents that people's
										privacy concerns differ according to the purpose for which data is collected,
										with the contrast between service and surveillance purposes most paramount.
										These two dimensions produce a 2 × 2 framework that hypothesizes
										which technologies and data-applications in smart cities are likely
										to raise people's privacy concerns, distinguishing between raising
										hardly any concern (impersonal data, service purpose), to raising
										controversy (personal data, surveillance purpose). Specific examples
										from the city of Rotterdam are used to further explore and illustrate
										the academic and practical usefulness of the framework. It is argued
										that the general hypothesis of the framework offers clear directions
										for further empirical research and theory building about privacy concerns
										in smart cities, and that it provides a sensitizing instrument
										for local governments to identify the absence, presence,
										or emergence of privacy concerns among their citizens.},
}

%---- Communications de congrès avec actes
%------------------------------------------------
@inproceedings{Callahan-et-al:1988,
	author					= {Jack Callahan and Don Hopkins and Mark Weiser and Ben Shneiderman},
	title						= {An Empirical Comparison of Pie vs. Linear Menus},
	booktitle				= {Proceedings of the SIGCHI Conference on Human Factors in Computing Systems},
	series					= {CHI'88},
	%volume					= {},
	%number					= {},
	pages						= {95--100},
	numpages				= {6},
	year						= {1988},
	language				= {english},
	langid					= {english},
	doi							= {10.1145/57167.57182},
	%url							= {http://doi.acm.org/10.1145/57167.57182},
	url							= {./Documents/Chapter01/callahan-1988-sigchi.pdf},% Downloaded in the source tree
	%url							= {https://www.cs.umd.edu/~ben/papers/Callahan1988empirical.pdf},% download URL
	%eprint					= {},
	isbn						= {0-201-14237-6},
	%organization		= {},
	publisher				= {Association for the Computing Machinery},
	location				= {Washington, D.C., USA},
	abstract				= {Menus are largely formatted in a linear fashion listing items from the top
										to bottom of the screen or window. Pull down menus are a common example
										of this format. Bitmapped computer displays, however, allow greater freedom
										in the placement, font, and general presentation of menus. A pie menu is
										a format where the items are placed along the circumference of a circle
										at equal radial distances from the center. Pie menus gain over traditional
										linear menus by reducing target seek time, lowering error rates by fixing
										the distance factor and increasing the target size in Fitts's Law,
										minimizing the drift distance after target selection, and are, in general,
										subjectively equivalent to the linear style.},
	%note						= {},
	%addendum				= {},
	keywords				= {inria-mooc, menus, user interface, empirical studies, directional selection},
}
@inproceedings{Engelbart-English:1968,
	author					= {Douglas C. Engelbart and William K. English},
	title						= {A Research Center for Augmenting Human Intellect (\textsc{Augment} 3954)},
	booktitle				= {AFIPS Conference Proceedings of the 1968 Fall Joint Computer Conference},
	%series					= {},
	volume					= {33},
	%number					= {},
	pages						= {395--410},
	%numpages				= {},
	%date						= {1968-01-09},% Ça fout vraiment le bouzin ! WHY?
	year						= {1968},
	month						= {12},
	language				= {english},
	langid					= {english},
	%doi							= {},
	%url							= {},
	url							= {http://dougengelbart.org/content/view/140/000/},% On-line source
	%eprint					= {},
	%isbn						= {},
	%organization		= {},
	publisher				= {American Federation of Information Processing Societies},
	location				= {San Francisco, CA},
	note						= {Republished with articles n°4, 21, and 23
										in \textit{Computer Supported Cooperative Work: A Book of Readings},
										Irene Greif [Ed.], Morgan Kaufmann Publishers, Inc., San Mateo, CA,
										1988, pp. 81-105.
										Also republished with article n°3 in \textit{New Media Reader},
										Noah Wardrip-Fruin and Nick Montfort [Ed.], The MIT Press, 2003,
										Chapters 8 and 16.},
	%addendum				= {},
	abstract				= {This paper describes a multisponsor research center at Stanford Research
									Institute in man-computer interaction.\\[0.25ex]
									For its laboratory facility, the Center has a time-sharing computer
									(65K, 24-bit core) with a 4.5 megabyte swapping drum and a 96 megabyte
									file-storage disk. This serves twelve CRT work stations simultaneously.\\[0.25ex]
									Special hardware completely removes from the CPU the burden of display
									re freshing and input sampling, even though these are done directly
									out of and into core.\\[0.25ex]
									The display in a user's office appears on a high-resolution (875-line)
									commercial television monitor, and provides both char acter and vector portrayals.
									A relatively standard typewriter keyboard is supplemented by a five-key
									handset used (optionally) for entry of control codes and brief literals.
									An SRI cursor device called the "mouse" is used for screen pointing
									and selection.\\[0.25ex]
									The "mouse" is a hand-held X-Y transducer usable on any flat surface;
									it is described in greater detail further on.\\[0.25ex]
									Special-purpose: high-level languages and associated compilers provide rapid,
									flexible development and modification of the repertoire of service functions
									and of their control procedures (the latter being the detailed user actions
									and computer feedback involved in controlling the application
									of these service functions).\\[0.25ex]
									User files are organized as hierarchical structures of data entities,
									each composed of arbitrary combinations of text and figures.
									A repertoire of coordinated service features enables a skilled user to compose,
									study, and mod ify these files with great speed and flexibility,
									and to have searches, analyses data manipulation, etc. executed.
									In particular, special sets of conventions, functions, and working methods
									have been developed to air programming, logical design, documentation,
									retrieval, project management, team interaction, and hard copy production.},
	keywords				= {inria-mooc},
}
@inproceedings{Kurtenbach-Buxton:1993,
	author					= {Gordon Kurtenbach and William Buxton},
	title						= {The Limits of Expert Performance Using Hierarchic Marking Menus},
	booktitle				= {Proceedings of the INTERACT'93 and CHI'93
										Conference on Human Factors in Computing Systems},
	series					= {INTERCHI'93},
	volume					= {},
	%number					= {},
	pages						= {482--487},
	numpages				= {6},
	date						= {1993-04-24/1993-04-29},
	year						= {1993},
	%month						= {04},
	language				= {english},
	langid					= {english},
	doi							= {10.1145/169059.169426},
	%url							= {http://www.billbuxton.com/MMExpert.pdf},% On-line source
	url							= {./Documents/Chapter01/kurtenbach-buxton-1993-markingmenusexpert.pdf},% Downloaded source
	%eprint					= {},
	isbn						= {0-89791-575-5},
	%organization		= {},
	publisher				= {Association for the Computing Machinery},
	location				= {Amsterdam, The Netherlands},
	%note						= {},
	%addendum				= {},
	abstract				= {A marking menu allows a user to perform a menu selection by either popping-up
										a radial (or pie) menu, or by making a straight mark in the direction of
										the desired menu item without popping-up the menu. A hierarchic marking menu
										uses hierarchic radial menus and “zig-zag” marks to select from the hierarchy.\\
										This paper experimentally investigates the bounds on how many items can be
										in each level, and how deep the hierarchy can be, before using a marking
										to select an item becomes too slow or prone to errors.},
	keywords				= {inria-mooc,
										accelerators, gestures, input devices, marking menus,
										pen based input, pie menus},
}
@inproceedings{Smith-et-al:1982,
	author					= {David Canfield Smith and Charles Irby and Ralph Kimball and Eric Harslem},
	title						= {The Star User Interface: an Overview},
	booktitle				= {Proceedings of the National Computer Conference},
	series					= {AFIPS'82},
	%volume					= {},
	%number					= {},
	pages						= {515--528},
	numpages				= {14},
	date						= {},
	year						= {1982},
	%month						= {},
	language				= {english},
	langid					= {english},
	doi							= {10.1145/1500774.1500840},
	%url							= {http://doi.acm.org/10.1145/1500774.1500840},
	url							= {https://guidebookgallery.org/articles/thestaruserinterfaceanoverview},% On line source
	%eprint					= {},
	isbn						= {0-88283-035-X},
	%organization		= {},
	publisher				= {Association for the Computing Machinery},
	location				= {Houston, Texas},
	%note						= {},
	%addendum				= {},
	abstract				= {In April 1981 Xerox announced the 8010 Star Information System,
										a new personal computer designed for office professionals who create,
										analyze, and distribute information. The Star user interface differs
										from that of other office computer systems by its emphasis on graphics,
										its adherence to a metaphor of a physical office, and its rigorous application
										of a small set of design principles.
										The graphic imagery reduces the amount of typing and remembering required
										to operate the system. The office metaphor makes the system seem familiar
										and friendly; it reduces the alien feel that many computer systems have.
										The design principles unify the nearly two dozen functional areas of Star,
										increasing the coherence of the system and allowing user experience
										in one area to apply in others.},
	keywords				= {inria-mooc},
}
@inproceedings{Sutherland:1963,
	author					= {Ivan E. Sutherland},% E=Edward
	title						= {SketchPad: A Man-Machine Graphical Communication System},
	booktitle				= {Proceedings of the Joint Computer Conference},
	series					= {AFIPS'63},% (Spring)
	%volume					= {},
	%number					= {},
	pages						= {329--346},
	numpages				= {18},
	%date						= {},
	year						= {1963},
	%month						= {},
	language				= {english},
	langid					= {english},
	doi							= {10.1145/1461551.1461591},
	%url							= {http://doi.acm.org/10.1145/1461551.1461591},
	url							= {./Documents/Chapter01/sutherland-reprint-2003-1963-UCAM-CL-TR-574.pdf},% Downloaded source
	%eprint					= {},
	%isbn						= {},
	%organization		= {},
	publisher				= {Association for the Computing Machinery},
	location				= {Detroit, Michigan},
	note						= {Published in September 2003 as an
										\href{http://www.cl.cam.ac.uk/TechReports/}{electronic technical report}
										by the University of Cambridge, Computer Laboratory, UK, ISSN: 1476-2986},
	%addendum				= {},
	abstract				= {The Sketchpad system makes it possible for a man and a computer to converse
										rapidly through the medium of line drawings. Heretofore, most interaction
										between man and computers has been slowed down by the need to reduce all
										communication to written statements that can be typed; in the past,
										we have been writing letters to rather than conferring with our computers.
										For many types of communication, such as describing the shape of a mechanical
										part or the connections of an electrical circuit, typed statements can prove
										cumbersome. The Sketchpad system, by eliminating typed statements
										(except for legends) in favor of line drawings, opens up a new area
										of man-machine communication.},
	keywords				= {inria-mooc},
}

%---- Books
%------------------------------------------------
@book{Abitboul-Dowek:2017,
	% For adding a optional hyphenation and hyphen see: https://tex.stackexchange.com/questions/185134
	author					= {Serge Abiteboul and Gilles Dowek},
	title						= {Le temps des algorithmes},
	%subtitle				= {},
	date						= {2017},% 19 janvier 2017
	%editor					= {},
	%editortype			= {collaborator},
	edition					= {1},
	series					= {Collection Essais},
	publisher 			= {Éditions Le Pommier},
	location				= {Paris},
	pagetotal				= 192,
	language				= {french},
	langid					= {french},
	library					= {www.editions-lepommier.fr},
	isbn						= {978-2-7465-1175-0},% 978-2-9169-5295-6
	%url						= {},
	%urldate				= {},
	keywords				= {inria-mooc},
	note						= {},
	abstract				= {Depuis quelque temps, les algorithmes sont sur toutes les langues. 
										Et ils inquiètent autant qu’ils fascinent. Avec eux, nous passons facilement 
										d’un extrême à l’autre: nous nous réjouissons qu’ils nous facilitent la vie, 
										mais redoutons qu'ils nous asservissent...\\
										Pour en finir avec cette vision manichéenne, cet ouvrage propose un nouveau 
										regard sur notre époque, sur le temps des algorithmes. Pour commencer, 
										cessons de considérer les algorithmes comme des êtres mystérieux, 
										dotés d’intentions maléfiques. Après tout, les algorithmes sont 
										des créations de l’esprit humain. Ils sont ce que nous avons voulu qu’ils soient.\\
										Les algorithmes sont avant tout des solutions, mais ces solutions 
										ne sont pas neutres.  S’ils sont à l’origine de transformations radicales 
										des notions de travail, de propriété, de gouvernement, de responsabilité, 
										de vie privée et même d'humanité, c’est à nous de décider de quel côté faire 
										pencher la balance. Les algorithmes sont peut-être le premier outil à la mesure 
										de nos aspirations. Cessons de les subir, en cherchant à les comprendre. 
										C’est ainsi que nous pourrons être maîtres de notre destinée.},
}
@book{Berry:2017,
	author					= {Gérard Berry},
	title						= {L'Hyperpuissance de l'informatique},
	subtitle				= {Algorithmes, données, machines, réseaux},
	date						= {2017},
	%editor					= {},
	%editortype			= {collaborator},
	edition					= {1},
	series					= {},
	publisher 			= {Éditions Odile Jacob},
	location				= {Paris},
	pagetotal				= 512,
	language				= {french},
	langid					= {french},
	library					= {www.odilejacob.fr},
	isbn						= {978-2-7381-3953-5},
	%url						= {},
	%urldate				= {},
	keywords				= {inria-mooc},
	note						= {},
	abstract				= {Ce n’est que récemment que l’on a commencé à mesurer à quel point 
										l’informatique est en passe de transformer notre société, et même 
										de la bouleverser de fond en comble. C’est à décrire et à analyser 
										les fondements de l’hyperpuissance de l’informatique que Gérard Berry 
										se consacre dans ce livre qui fera date.\\
										Il montre en effet de façon non technique comment la science et la technologie 
										informatiques mettent l’information au cœur de l’action, qu’elle soit produite 
										par les hommes ou par les machines. Algorithmes, données, machines 
										et réseaux conduisent surtout à un nouveau schéma mental bien différent 
										de celui des siècles précédents, qui confère un pouvoir étonnant à ceux 
										qui le comprennent et l’organisent.\\
										Pour donner concrètement à comprendre le mode de pensée inhérent 
										à l’informatique, Gérard Berry passe en revue cinq domaines 
										de transformations massives : les télécommunications, Internet, 
										la photographie et la cartographie, l’informatisation de la médecine, 
										et celle en cours de toutes les sciences. Il analyse ensuite en détail 
										deux dangers de l’informatique, les bugs et les trous de sécurité, 
										qui peuvent parfois transformer des systèmes informatisés en dangers publics, 
										et montre comment la science moderne permet de mieux contrôler ces dangers. 
										Enfin, l’auteur donne sa vision de l’évolution de l’informatique, bien loin 
										des fantasmes trop souvent partagés.\\
										Pour la première fois, un livre qui explique tout de l’informatique, 
										de son monde, ses fondements, ses applications, et la révolution qu’elle représente.},
}
@book{Broca:2018,
	author					= {Sébastien Broca},
	title						= {Utopie du logiciel libre},
	%subtitle				= {Du bricolage informatique à la réinvention sociale},
	date						= {2018},% 16 novembre 2013 / 24 avril 2018
	%editor					= {},
	%editortype			= {collaborator},
	edition					= {2},
	series					= {Essais},
	publisher 			= {\textsc{Le Passager Clandestin}},
	location				= {Paris},
	pagetotal				= 380,
	language				= {french},
	langid					= {french},
	library					= {www.lepassagerclandestin.fr},
	isbn						= {978-2-3693-5097-2},% 978-2-9169-5295-6
	%url						= {},
	%urldate				= {},
	keywords				= {inria-mooc},
	note						= {},
	abstract				= {Né dans les années 1980 de la révolte de hackers contre la privatisation
										du code informatique, le mouvement du logiciel libre a peu à peu diffusé
										ses valeurs et ses pratiques à d’autres domaines, dessinant une véritable
										« utopie concrète ». Celle-ci a fait sienne plusieurs exigences : bricoler
										nos technologies au lieu d’en être les consommateurs sidérés, défendre
										la circulation de l’information contre l’extension des droits de propriété
										intellectuelle, lier travail et accomplissement personnel en minimisant
										les hiérarchies. De GNU/Linux à Wikipédia, de la licence GPL aux
										Creative Commons, des ordinateurs aux imprimantes 3D, ces aspirations
										se sont concrétisées dans des objets techniques, des outils juridiques
										et des formes de collaboration qui nourrissent aujourd’hui une nouvelle
										sphère des communs.
										Dans cette histoire du Libre, les hackers inspirent la pensée critique
										(d’André Gorz à la revue Multitudes) et les entrepreneurs open source côtoient
										les défenseurs des biens communs. De ce bouillonnement de pratiques, de luttes
										et de théories, l’esprit du Libre émerge comme un déjà là propre à encourager
										l’inventivité collective. Mais il est aussi un prisme pour comprendre comment,
										en quelques décennies, on est passé du capitalisme de Microsoft ---
										la commercialisation de petites boîtes des biens informationnels protégés
										par des droits de propriété intellectuelle --- au capitalisme numérique des
										Gafa (Google, Amazon, Facebook, Apple), fondé sur l’exploitation de nos
										données et la toute puissance des algorithmes.},
}
@book{Coad-Yourdon:1991,
	author					= {Peter {Coad} and Edward {Yourdon}},
	title						= {Object-oriented design},
	subtitle				= {},
	date						= {1991},
	edition					= {2},
	%series					= {},
	publisher 			= {Yourdon Press--Prentice Hall},
	location				= {Upper Saddle River},
	pagetotal	  		= 197,
	language				= {english},
	langid					= {english},
	edition					= {},
	library			  	= {https://www.pearson.com},
	isbn						= {0-1363-0070-7},
	keywords				= {cnam-nfa013},
	abstract				= {},
}
@book{Davis-Olson:1985,
	author					= {Gordon B. {Davis} and Margrethe H. {Olson}},
	title						= {Management information systems: conceptual foundations, structure and development},
	subtitle				= {},
	date						= 1985,
	edition					= 2,
	publisher 			= {McGraw-Hill Inc},
	location				= {New-York},
	pagetotal				= 708,
	language				= {english},
	langid					= {english},
	library					= {www.mhprofessional.com},
	isbn						= {978-0-0706-6241-4},
	keywords				= {cnam-nfa007,cnam-nfa013,cnam-nfa008,cnam-nfa011},
	abstract				= {},
}
@book{DeHaas:2015,
	author					= {Pierre {de Haas}},
	title						= {Monter et faire vivre une maison de santé},
	subtitle				= {Édition 2015},
	date						= {2015-03},
	series					= {Partage d'expériences},
	publisher 			= {Édition Le Coudrier},
	location				= {Brignais},
	pagetotal				= 192,
	language				= {french},
	library					= {www.edition-lecoudrier.fr},
	isbn						= {978-2-9193-7405-2},
	%abstract				= {},
	keywords				= {epn-fablab},
}
@book{DelobelAdiba:1982,
	author					= {Claude Delobel and Michel Adiba},
	title						= {Ba{\hyphenate}ses de données et systèmes relationnels},
	subtitle				= {},
	date						= {1982},
	edition					= {1},
	series					= {Dunod informatique},
	publisher 			= {Bordas},
	location				= {Paris},
	pagetotal				= 449,
	language				= {french},
	langid					= {french},
	library					= {www.dunod.com},
	isbn						= {978-2-0401-1628-6},
	keywords				= {cnam-nfa008,cnam-nfa011},
	%note						= {},
	%url						= {},
	%urldate				= {2016-12-01},
	%abstract				= {},
}
@book{DeRosnay:1975,
	author					= {Joël {de Rosnay}},
	title						= {Le macroscope : vers une vision globale},
	subtitle				= {},
	date						= 1975,
	edition					= 1,
	publisher 			= {Le Seuil},
	location				= {Paris},
	pagetotal				= 296,
	language				= {french},
	langid					= {french},
	library					= {www.leseuil.com},
	isbn						= {978-2-0200-2818-9},
	abstract				= {},
	keywords				= {cnam-nfa007,cnam-nfa013},
	addendum				= {Ouvrage toujours disponible aux \href{www.lecerclepoints.com}{éditions Points},
										collection Essais \parencite{derosnay2014}.},
}
@book{DeRosnay:2014,
	author					= {Joël {de Rosnay}},
	title						= {Le macroscope : vers une vision globale},
	subtitle				= {},
	date						= 2014,
%	edition					= 1,
	publisher 			= {Points},
	series					= {Essais},
	location				= {Paris},
	pagetotal				= 346,
	language				= {french},
	langid					= {french},
	library					= {www.lecerclepoints.com},
	isbn						= {978-2-7578-4113-6},
	keywords				= {cnam-nfa007,cnam-nfa013},
	abstract				= {Qu'y a-t-il de commun entre l'écologie, le système économique, l'entreprise,
										la ville, l'organisme, la cellule ? Rien, si on se contente de les examiner
										avec l'instrument habituel de la connaissance, l'approche analytique.
										Beaucoup, si l'on dépasse cette démarche classique pour faire ressortir
										les grandes règles d'organisation et de régulation de tous ces « systèmes ».
										Pour l'auteur, l'instrument symbolique de cette nouvelle manière de voir,
										de comprendre et d'agir est le « macroscope », qui devrait être aussi précieux
										aujourd'hui aux responsables de la politique, de la science, de l'industrie
										et à chacun de nous, que le sont le microscope et le télescope
										pour la connaissance scientifique de l'Univers.},
}
@book{Dowek-etal:2013,
	author					= {Gilles Dowek and Jean-Pierre Archambault and Claudio Cimelli and Benjamin Wack
										and Emmanuel Baccelli and Albert Cohen and Christine Eisenbeisand Thierry Viéville},
	title						= {Économie du logiciel libre},
	subtitle				= {},
	date						= 2013,
%	edition					= 1,
	publisher 			= {Eyrolles},
	series					= {Noire},
	location				= {Paris},
	pagetotal				= 342,
	language				= {french},
	langid					= {french},
	library					= {www.eyrolles.com},
	isbn						= {978-2-212-13676-0},
	keywords				= {inria-mooc},
	%note						= {},
	abstract				= {Enfin un véritable manuel d’informatique pour les lycéens et leurs professeurs !
										Les quatre concepts de machine, d’information, d’algorithme et de langage sont 
										au cœur de l’informatique, et l’objet de ce cours est de montrer comment 
										ils fonctionnent ensemble. En première partie, nous apprendrons à écrire 
										des programmes,en découvrant les ingrédients qui les constituent  : 
										l’affectation, la séquence et le test, les boucles, les types, les fonctions 
										et les fonctions récursives. Dans la deuxième partie, on verra comment 
										représenter les informations que l’on veut communiquer, les stocker et 
										les transformer --- textes, nombres, images et sons. On apprendra également 
										à structurer et compresser de grandes quantités d’informations, à les protéger 
										par le chiffrement. On verra ensuite que derrière les informations, 
										il y atoujours des objets matériels  : ordinateurs, réseaux, robots, etc., 
										qui  font partie de notre quotidien. Enfin, on s’initiera àdes savoir-faire 
										utiles au XXI\up{e} siècle : ajouter des nombres exprimés en base deux, 
										dessiner, retrouver une information pardichotomie, 
										trier des informations et parcourir des graphes.},
}
@book{Elie:2009,
	author					= {François Élie},
	title						= {Économie du logiciel libre},
	subtitle				= {},
	date						= 2009,
%	edition					= 1,
	publisher 			= {Eyrolles},
	series					= {Accès Libre},
	location				= {Paris},
	pagetotal				= 186,
	language				= {french},
	langid					= {french},
	library					= {www.eyrolles.com},
	isbn						= {978-2-212-12463-7},
	keywords				= {inria-mooc},
	%note						= {},
	abstract				= {Cet ouvrage profond, documenté et illustré d'exemples contemporains,
										permet de comprendre enfin les mécanismes qui sous-tendent la dynamique
										des logiciels libres et open source, mais aussi leurs implications économiques.
										Il met en perspective l'évolution récente des modèles économiques pratiqués,
										propose quelques pistes de réflexion pour en appréhender les enjeux
										et prendre le train en marche.\\
										Écrit par François \textsc{Élie}, acteur du logiciel libre en France,
										président de l'\textsc{Adullact} et membre de l'\textsc{Aful},
										il rappelle de façon percutante ce qu'est le logiciel libre
										et déchiffre les paradoxes apparents qui animent ses communautés
										d'amateurs, d'industriels, mais aussi de clients.\\
										François \textsc{Élie}, agrégé de philosophie, informaticien amateur
										et élu local UMP/LR (Angoulême), est co-fondateur et président
										de l'\textsc{Adullact}, association qui promeut depuis 2002
										le développement mutualisé de logiciels libres métier.
										À ce titre, il est parmi les précurseurs de la cause
										des clients dans l'\textit{Open Source} et intervient régulièrement
										(conférences, tables rondes, \emph{keynotes}) sur les sujets
										qui touchent au logiciel libre ou aux nouvelles technologies
										dans le secteur public.
										Promoteur de la mutualisation par la demande et du développement
										de logiciels libres sur fonds publics, il a monté en mars 2003
										la première forge publique dédiée aux applications métier
										destinées aux services publics (adullact.net, mars 2003)
										et inspiré en 2005 la proposition 35 de la déclaration
										du Sommet des Villes et des Pouvoirs Locaux visant
										à privilégier l'usage et le développement de logiciels libres
										dans les investissements des villes et régions.
										Lorsqu'il était en charge des Nouvelles Technologies à Angoulême,
										il a fait distribuer aux angoumoisins en mars 2002
										un CD-Rom de logiciels libres (26\,000 exemplaires).},
}
@book{Fogel:2012,
	author					= {Karl Fogel},
	title						= {Produire du logiciel libre},
	subtitle				= {},
	date						= 2012,
	edition					= {2},
	%editor					= {},
	publisher 			= {\textsc{FramaBook}},
	location				= {Paris},
	pagetotal				= 334,
	language				= {french},
	langid					= {french},
	library					= {https://framabook.org/},
	isbn						= {978-2-9539187-5-5},
	abstract				= {Nous sommes heureux de publier cette traduction française de
										\textit{Producing Open Source Software.
										How to Run a Successful Free Software Project},
										dont le texte original est accessible sur
										\href{https://producingoss.com/}{ProducingOSS.com,}
										dans de nombreuses autres langues.
										Grâce à son expérience du développement \textit{Open Source},
										Karl \textsc{Fogel} détaille dans ce livre les éléments stratégiques
										les plus importants de la conduite de projet comme la bonne pratique
										du courrier électronique et le choix du gestionnaire de versions,
										mais aussi la manière de rendre cohérents et harmonieux
										les rapports humains tout en ménageant les susceptibilités...
										En somme, dans le développement \textit{Open Source} peut-être plus qu’ailleurs,
										et parce qu’il s’agit de trouver un bon équilibre
										entre coopération et collaboration,
										les qualités humaines sont aussi décisives que les compétences techniques.},
	keywords				= {inria-mooc},
}
@book{Galacsi:1984,
	author					= {Collectif GALACSI},
	title						= {Les systèmes d'information : analyse et conception},
	subtitle				= {},
	date						= {1984},
	series					= {Collection Informatique},
	publisher 			= {Dunod},
	location				= {Paris},
	pagetotal	  		= 280,
	language				= {french},
	langid					= {french},
	library			  	= {www.abebooks.fr},
	isbn						= {2-0401-5571-6},
	keywords				= {cnam-nfa007,cnam-nfa013},
	abstract				= {},
}
@book{Gardarin:2003,
	author					= {Georges Gardarin},
	title						= {Bases de données},
	subtitle				= {},
	date						= {2003},%2003-04-10
	edition					= {2},
	series					= {Best of},
	publisher 			= {Eyrolles},
	location				= {Paris},
	pagetotal				= 787,
	language				= {french},
	langid					= {french},
	library					= {www.eyrolles.com},
	isbn						= {978-2-2121-1281-8},
	keywords				= {nfa008,nfa011},
	note						= {5\textsuperscript{e} tirage},
	url							= {http://georges.gardarin.free.fr/Livre_BD_Contenu/XX-TotalBD.pdf},
	urldate					= {2017-10-02},
	abstract				= {Les bases de données jouent un rôle sans cesse croissant dans les
										systèmes d’information d’entreprise, qu’il s’agisse d’applications de
										gestion traditionnelles (comptabilité, ventes, décisionnel...) ou
										d’applications intranet, e-commerce ou de gestion de la relation client.
										Comprendre les principes des bases de données, les langages d’interrogation
										et de mise à jour, les techniques d’optimisation et de contrôle
										des requêtes, les méthodes de conception et la gestion des transactions
										devient une nécessité pour tous les professionnels et futurs professionnels
										de l’informatique.
										Complet et didactique, l’ouvrage se caractérise par des définitions
										précises des concepts, une approche éclairante des algorithmes et
										méthodes, de nombreux exemples d’application, une bibliographie
										commentée en fin de chaque chapitre et un recueil d’exercices en fin
										d’ouvrage. Il traite aussi bien des bases de données relationnelles, que
										des bases de données objet et objet-relationnelles.},
}
@book{Gershenfeld:2005,
	author					= {Neil Gershenfeld},
	title						= {FAB: The Coming Revolution on Your Desktop},
	subtitle				= {From personal computers to personal fabrication},
	date						= 2005,
	edition					= 1,
	publisher 			= {Basic Books},
	location				= {Cambridge},
	pagetotal				= 278,
	language				= {english},
	library					= {www.basicbooks.com},
	isbn						= {0-465-02745-8},
	abstract				= {What if you could someday put the manufacturing power of an automobile plant
										on your desktop? According to Neil \textsc{Gershenfeld},
										the renowned MIT scientist and inventor,
										the next big thing is personal fabrication-the ability to design
										and produce your own products, in your own home, with a machine that combines
										consumer electronics and industrial tools. Personal fabricators are about
										to revolutionize the world just as personal computers did a generation ago,
										and Fab shows us how.},
	keywords				= {epn-fablab},
}
@book{Habrias:1988,
	author					= {Henri Habrias},
	title						= {Le modèle relationnel binaire},
	subtitle				= {Méthode I. A. (NIAM)},
	date						= 1988,
	edition					= 1,
	publisher 			= {Eyrolles},
	location				= {Paris},
	pagetotal				= 301,
	language				= {french},
	langid					= {french},
	library					= {www.eyrolles.com},
	isbn						= {2-1208-169},
	keywords				= {cnam-nfa007,cnam-nfa013},
	abstract				= {},
}
@book{Hartmann-etal:2011,
	author					= {Werner Hartmann and Michael Näf and Raimond Reichert},
	title						= {Enseigner l’informatique},
	subtitle				= {},
	series					= {Collection Iris},
	date						= 2011,
	%edition					= 1,
	publisher 			= {Springer Verlag France},
	location				= {Paris},
	pagetotal				= 176,
	language				= {french},
	langid					= {french},
	library					= {https://link.springer.com},
	isbn						= {978-2-8178-0261-9},
	keywords				= {inria-mooc},
	abstract				= {Ce livre a pour but d’expliquer ce qu’un enseignement de l’informatique 
										devrait être, ce qu’il n’est pas et ce qu’il ne doit surtout pas devenir. 
										Il montre en particulier qu’il faut éviter la confusion entre le contenu 
										d’un enseignement et le recours aux TIC ; il explore méthodiquement 
										certaines questions comme : existe-t-il une didactique de l’informatique ? 
										une pédagogie vaut-elle mieux qu’une autre ? comment gérer la diversité 
										au sein des groupes qui apprennent l’informatique ? 
										pourquoi et comment aborder l’abstraction ? etc.\\
										Chaque chapitre commence par une situation vécue exemplaire 
										des difficultés rencontrées quotidiennement dans l’enseignement 
										de l’informatique. Il s’en dégage de multiples problématiques 
										auxquelles les auteurs apportent des réponses concrètes dans un style 
										alerte et vivant.\\
										Ce livre rendra les plus grands services à tous ceux qui doivent organiser 
										ou prendre en charge des enseignements d’informatique. Il rappelle 
										que des conditions matérielles adaptées sont un prélude à un enseignement 
										de qualité, et propose une pédagogie pour mettre en place des cours 
										efficaces et cohérents.},
}
@book{Jacobson:1992,
	author					= {Ivar Jacobson},
	title						= {Object Oriented Software Engineering: A Use Case Driven Approach},
	subtitle				= {},
	date						= {1992},
	series					= {ACM Press},
	publisher 			= {Addison Wesley},
	location				= {New-York},
	pagetotal	  		= 552,
	language				= {english},
	langid					= {english},
	edition					= {},
	library			  	= {http://www.informit.com},
	isbn						= {0-2015-4435-0},
	keywords				= {nfa013},
	abstract				= {},
}
@book{Jean:2011,
	author					= {Benjamin Jean},
	title						= {Option libre},
	subtitle				= {Du bon usage des licences libres},
	date						= 2011,
%	edition					= 1,
	publisher 			= {FramaSoft},
	%series					= {},
	location				= {Paris},
	pagetotal				= 307,
	language				= {french},
	langid					= {french},
	library					= {https://framabook.org/},
	isbn						= {978-1-4716-1234-3},
	keywords				= {inria-mooc},
	note						= {Publié à la fois sous
										\href{http://artlibre.org/}{Licence Art Libre},
										\href{https://www.gnu.org/licenses/fdl-1.3.html}{GNU-FDL} et
										\href{https://creativecommons.org/licenses/by-sa/3.0/deed.fr}{Creative Commons By-Sa},
										ce texte est disponible au
	\href{https://framabook.org/optionlibre-dubonusagedeslicenceslibres/}{téléchargement}
										},
	abstract				= {À l’heure où les manœuvres politiques et lobbyistes cherchent
										à étendre et renforcer les droits de propriété intellectuelle,
										un nouveau système construit sur la base des licences libres
										vient concurrencer et devancer le précédent en termes d’innovation
										et de création.
										Dans leurs fondements juridiques, les licences libres interrogent
										à plus d’un titre les usages de la propriété intellectuelle
										en cours depuis des siècles.
										En moins de trente ans, le mouvement du Libre a réalisé une telle révolution,
										à la fois technique et culturelle, que le nombre de licences
										n’a cessé d’augmenter, formalisant de multiples manières
										les rapports entre les auteurs, les utilisateurs et l’œuvre.\\
										Quelle stratégie adopter dans le choix d’une licence
										et comment concilier ce choix avec un modèle économique ?
										Quelles sont les compatibilités entre les licences
										et comment envisager l’équilibre entre les droits existants
										et éprouvés (droit d’auteur, brevets, etc.)
										et la permissivité propre au Libre ?
										Dans cet ouvrage documenté, objectif et pédagogique,
										Benjamin Jean élabore une base saine et pérenne de discussions
										et d’échanges entre tous les acteurs du Libre.
										Se livrant à un véritable inventaire des pratiques juridiques
										dans ce domaine, l’auteur nous permet de les appréhender finement
										et encourage à les perfectionner et les porter dans d’autres secteurs.\\
										Après une présentation du cadre légal associé aux créations de l’esprit,
										initialement conçu comme un système en équilibre,
										l’ouvrage plonge le lecteur dans ce nouveau paradigme des licences libres.
										Tout en évitant la simple exposition de règles et de normes,
										c’est de manière méthodique que seront abordées les notions juridiques
										à la base des nouveaux rapports entre les acteurs.
										Une sérieuse analyse de la maturation de ce système
										et un repérage des bons réflexes et des principaux écueils,
										permettront enfin d’aborder une étude pratique
										et éclairée des quelques licences libres les plus utilisées.},
}
@book{Krueger:1991,
	author					= {Myron W. Krueger},
	title						= {Artificial Reality II},
	%subtitle				= {},
	year						= {1991},
	%date						= {1991-06-14},% Ça fout la merde ! juste mettre l'année
	%editor					= {},
	%editortype			= {collaborator},
	edition					= {2},
	%series					= {},
	publisher 			= {Addi{\hyphenate}son-Wesley Professional},
	location				= {Boston},
	pagetotal				= {304},
	language				= {english},
	langid					= {english},
	%library					= {www.amazon.com/Artificial-Reality-2nd-Myron-Krueger/dp/0201522608},
	library					= {https://www.abebooks.com/book-search/title/artificial-reality/author/krueger/},
	isbn						= {978-0-2015-2260-0},% ISBN13; ISBN10=0-2015-2260-8)
	url							= {},
	%urldate				= {},
	keywords				= {inria-mooc},
	note						= {Fisrt ed. published in 1983},
	abstract				= {Responsive environments, computer simulation, and data gloves are some
										of the ways in which people can explore artificial (or virtual) worlds
										for business, education, and entertainment.
										Artificial Reality II, a revised edition of the 1983 classic by pioneer
										researcher Myron Krueger, presents a view of our future interaction
										with machines, when computer systems will sense our needs and respond to them.
										In the book the author describes his personal odyssey through the development
										of artificial reality technology, from the original vision through current
										applications and beyond, to his vision of artificial reality as a paradigm
										for future computer-human interaction.},
	%pubstate				= {\href{https://www.amazon.com/Artificial-Reality-2nd-Myron-Krueger/dp/0201522608}{Occasion}},
}
@book{Lallement:2015,
	author					= {Michel Lallement},
	title						= {L'âge du faire},
	subtitle				= {Hacking, travail, anarchie},
	date						= {2015},%{2015-01-22},
%	edition				= 1,
	series					= {La Couleur des idées},
	publisher 			= {Le Seuil},
	location				= {Paris},
	pagetotal				= 448,
	language				= {french},
	library					= {www.seuil.com},
	isbn						= {978-2-02-119049-6},
	abstract				= {De nouveaux lieux de conception, de production et de collaboration
										voient aujourd’hui le jour un peu partout dans le monde. Équipés
										de machines industrielles comme des plus récents équipements informatiques,
										les hackers inventent un nouveau modèle d’activité : le faire (make).
										À distance des exigences imposées par le marché et les grandes organisations
										bureaucratiques, les membres des hackerspaces et autres laboratoires
										de fabrication font du travail une fin en elle-même,
										sans que quiconque n’impose d’objectifs, de délais, de contraintes...
										Juste l’envie de faire pour soi.\\
										Fruit d’une enquête ethnographique menée dans la région de San Francisco,
										là où les chantres de la contre-culture libertaire côtoient les entrepreneurs
										de la Silicon Valley, ce livre plonge au cœur du mouvement faire.
										Il en décrit les origines historiques ainsi que ses multiples impacts
										sur l’économie et la société. Michel Lallement a partagé la vie des hackers,
										les a regardé inventer, bidouiller et s’organiser au quotidien
										dans des communautés frottées, pour certaines d’entre elles,
										aux principes de l’anarchisme. Il les a fait raconter et expliquer
										leurs vie, leurs choix, leurs idées.\\
										En expérimentant une utopie concrète, les hackers font plus qu’imaginer
										une autre manière de travailler. C’est une nouvelle grammaire
										du vivre ensemble que, sous nos yeux, ils sont en train de composer.\\
										Michel Lallement est professeur
										du Conservatoire national des arts et métiers (CNAM),
										titulaire de la chaire d’Analyse sociologique du travail,
										de l’emploi et des organisations et membre du Laboratoire interdisciplinaire
										pour la sociologie économique (CNRS).
										Il est l’auteur de nombreux ouvrages de sociologie du travail.},
	keywords				= {epn-fablab,inria-mooc},
}
@book{Langtangen:2016,
	author					= {Hans Petter Langtangen},
	title						= {A Primer on Scientific Programming with Python},
	%subtitle				= {},
	date						= {2016},
	%translator			= {},
	%editor					= {},
	%editortype			= {},
	edition					= {5},
	series					= {Texts in Computational Science and Engineering},
	publisher 			= {\textsc{Springer}},
	location				= {Berlin},
	pagetotal				= 922,
	language				= {english},
	langid					= {english},
	library					= {www.springer.com},
	isbn						= {978-3-662-49886-6},
	issn						= {1611-0994},
	doi							= {10.1007/978-3-662-49887-3},
	%url							= {},
	%urldate				= {},
	keywords				= {inria-mooc, python},
	%note						= {},
	abstract				= {The book serves as a first introduction to computer programming 
										of scientific applications, using the high-level Python language. 
										The exposition is example and problem-oriented, where the applications 
										are taken from mathematics, numerical calculus, statistics, physics, 
										biology and finance. The book teaches "Matlab-style" and procedural 
										programming as well as object-oriented programming. High school mathematics 
										is a required background and it is advantageous to study classical 
										and numerical one-variable calculus in parallel with reading this book. 
										Besides learning how to program computers, the reader will also learn 
										how to solve mathematical problems, arising in various branches 
										of science and engineering, with the aid of numerical methods a
										nd programming. By blending programming, mathematics 
										and scientific applications, the book lays a solid foundation 
										for practicing computational science.},
}
@book{Lazar-Mounier:2019,
	author					= {Emmanuel Lazard and Pierre-Éric Mounier-Kuhn},
	title						= {Histoire illustrée de l'informatique},
	subtitle				= {},
	date						= {2019},
	edition					= 2,
	series					= {},
	publisher 			= {EDP Sciences},
	location				= {Paris},
	pagetotal				= 240,
	language				= {french},
	langid					= {french},
	library					= {www.edpsciences.org},
	isbn						= {978-2-7598-2375-8},
	keywords				= {epn-fablab,inria-mooc},
	abstract				= {Comment fut inventé l'ordinateur ? Comment notre monde s'est-il numérisé ? 
										Qui sont les héros de cette aventure ? Comment s'inscrit-elle dans l'évolution 
										de l'humanité ? Connaître l'histoire de l'informatique relève désormais 
										de la culture générale. De la machine d'Anticythère au cyberespionnage 
										et aux Big Data, des cartes perforées à l'Internet, des tabulatrices 
										aux tablettes, ce livre vous propose un voyage dans le temps, 
										une archéologie de notre environnement numérique. Laissez-vous emporter 
										dans cette lecture fabuleuse, où chacun retrouvera ou découvrira 
										ces merveilleuses créations de l'esprit humain.},
}
@book{LeGoff:2019,
	author					= {Vincent {Le Goff}},
	title						= {Apprennez à programmer en Python},
	%subtitle				= {},
	date						= {2019},
	%translator			= {},
	%editor					= {},
	%editortype			= {},
	edition					= {3},
	series					= {Collection OpenClassrooms},
	publisher 			= {\textsc{Eyrolles}},
	location				= {Paris},
	pagetotal				= 504,
	language				= {french},
	langid					= {french},
	library					= {www.eyrolles.com},
	isbn						= {978-2-212-67871-0},
	%url							= {},
	%urldate				= {},
	keywords				= {inria-mooc, python},
	%note						= {},
	abstract				= {},
}
@book{Lessig:2004,
	author					= {Lawrence Lessig},
	title						= {Free Culture},
	%subtitle				= {How big media uses technology and the law to lock down culture and control creativity},
	date						= {2004},
	%editor					= {},
	%editortype			= {collaborator},
	edition					= {},
	series					= {},
	publisher 			= {\textsc{The Penguin Press}},
	location				= {New York},
	pagetotal				= 346,
	language				= {english},
	langid					= {english},
	library					= {www.free-culture.cc},
	isbn						= {978-2-3693-5097-2},% 978-2-9169-5295-6
	url							= {http://www.free-culture.cc/freeculture.pdf},
	%urldate				= {},
	keywords				= {inria-mooc},
	note						= {Traduction en français 2015},
	abstract				= {},
}
@book{LPIC1:2011,
	author					= {Sébastien Rohaut},
	title						= {Préparation à la certification Linux LPIC-1},
	subtitle				= {Examens LPI 101 et LPI 102},
	date						= {2011},
	%editor					= {},
	%editortype			= {},
	edition					= {3},
	series					= {Certifications},
	publisher 			= {Éditions \textsc{Eni}},
	location				= {Saint Herblain},
	pagetotal				= 661,
	language				= {french},
	langid					= {french},
	%library					= {},
	isbn						= {978-2-7460-7007-3},%{978-2-7460-5009-3}% ISBN 2 ed.
	%url							= {},
	%urldate					= {},
	keywords				= {inria-mooc,linux},
	abstract				= {Les examens LPI 101 et LPI 102 sont les deux examens qui permettent
										d'obtenir la certification LPIC-1 \textit{Junior Level Linux Professionnal}.
										Ce programme de certification du \textit{Linux Professional Institute}
										est reconnu par les recruteurs qui voient dans cette certification
										un pré-requis	à l'embauche ou à l'accession à un poste d'administrateur.
										Les examens LPI 101 et 102 prouvent aux professionnels que vous maîtrisez
										les bases de l'administration système Linux quelle que soit la distribution :
										l'installation et la configuration complète d'un poste de travail
										ou d'un serveur et de tous les services essentiels associés,
										tant systèmes que réseaux.
										Cette nouvelle édition du livre tient compte des dernières nouveautés Linux
										(noyau 3.0, IPv6, nouvelles distributions, nouveau boot loader, etc.).
										Pour vous aider à préparer efficacement cette certification,
										ce livre couvre tous les objectifs officiels de la dernière version
										de l'examen (mise en place en juillet 2012), tant d'un point de vue théorique
										que d'un point de vue pratique.
										Il a été rédigé en français (il ne s'agit pas d'une traduction)
										par un formateur professionnel reconnu, Ingénieur Système et certifié Linux.
										Ainsi, les savoir-faire pédagogique et technique de l'auteur conduisent
										à une approche claire et visuelle, d'un très haut niveau technique.
										Chapitre par chapitre, vous pourrez valider vos acquis théoriques
										(536 au total), à l'aide d'un grand nombre de questions-réponses
										mettant en exergue aussi bien les éléments fondamentaux
										que les caractéristiques spécifiques aux concepts abordés.
										Chaque chapitre s'achevant par des travaux pratiques (47 au total),
										vous aurez les moyens de mesurer votre autonomie.
										Ces manipulations concrètes, au-delà même des objectifs fixés par l'examen,
										vous permettront de vous forger une première expérience significative
										et d acquérir de véritables compétences techniques sur des mises
										en situations réelles.
										À cette maîtrise du produit et des concepts, s'ajoute la préparation spécifique
										à la certification : vous pourrez accéder gratuitement
										à un examen blanc en ligne, destiné à vous entraîner
										dans des conditions proches de celles de l épreuve.
										Sur ce site, chaque question posée s'inscrit dans l'esprit de la certification
										et, pour chacune, les réponses sont suffisamment commentées
										pour contrôler et identifier vos ultimes lacunes.
										À vous de juger quand vous serez prêt pour l'examen final !},
}
@book{LPIC2:2012,
	author					= {Sébastien Bobillier},
	title						= {Préparation à la certification Linux LPIC-2},
	subtitle				= {Examens LPI 201 et LPI 202},
	date						= {2012},
	%editor					= {},
	%editortype			= {},
	edition					= {2},
	series					= {Certifications},
	publisher 			= {Éditions \textsc{Eni}},
	location				= {Saint Herblain},
	pagetotal				= 434,
	language				= {french},
	langid					= {french},
	%library					= {},
	isbn						= {978-2-7460-7557-3},%{978-2-7460-5914-6}% ISBN 1 ed.
	%url							= {},
	%urldate					= {},
	keywords				= {inria-mooc,linux},
	abstract				= {Les examens LPI 201 et LPI 202 sont les deux examens qui permettent
										d'obtenir la certification LPIC-2 \textit{Advanced Level Linux Professional}.
										Ce programme de certification du \textit{Linux Professional Institute}
										est de plus en plus reconnu par les recruteurs qui voient
										dans cette certification un pré-requis à l'embauche ou à l'accession
										à un poste d'administrateur.
										Les examens LPI 201 et 202 prouvent aux professionnels
										que vous maitrisez l'administration avancée d'un système \textsc{Linux}
										quelle que soit la distribution : ils sanctionnent une compétence pratique
										en termes d'administration d'un réseau de petite ou moyenne taille
										(administration des services réseaux courants, gestion de la sécurité
										du réseau et des échanges...).
										Pour vous aider à préparer efficacement cette certification,
										ce livre couvre tous les objectifs officiels de la dernière version
										de l'examen (mise en place en juillet 2012) tant d'un point de vue théorique
										que d'un point de vue pratique. Il a été rédigé en français
										(il ne s'agit pas d'une traduction) par un formateur professionnel reconnu,
										également consultant, certifié \textsc{Linux}.
										Ainsi, les savoir-faire pédagogique et technique de l'auteur conduisent
										à une approche claire et visuelle, d'un très haut niveau technique.
										Chapitre par chapitre, vous pourrez valider vos acquis théoriques,
										à l'aide d'un grand nombre de questions-réponses (110 au total)
										mettant en exergue aussi bien les éléments fondamentaux
										que les caractéristiques spécifiques aux concepts abordés.
										Chaque chapitre s'achevant par des travaux pratiques (32 au total)
										vous aurez les moyens de mesurer votre autonomie.
										Ces manipulations concrètes, au-delà même des objectifs fixés par l'examen,
										vous permettront de vous forger une première expérience significative
										et d'acquérir de véritables compétences techniques sur des mises
										en situations réelles.
										À cette maîtrise du produit et des concepts, s'ajoute la préparation spécifique
										à la certification : vous pourrez accéder gratuitement
										à un examen blanc en ligne, destiné à vous entraîner
										dans des conditions proches de celles de l'épreuve.},
}
@book{LeMoigne:1973,
	author					= {Jean-Louis {Le Moigne}},
	title						= {Les systèmes d'information dans les organisations},
	%subtitle				= {},
	date						= {1973},
	%editor					= {},
	%editortype			= {collaborator},
	%edition				= {},
	%series					= {},
	publisher 			= {Presses Universitaires de France},
	location				= {Paris},
	pagetotal				= 237,
	language				= {french},
	langid					= {french},
	library					= {www.puf.com},
	%library					= {www.amazon.fr/systèmes-dinformation-dans-lorganisation},
	isbn						= {978-2-1303-2635-9},
	url							= {http://www.sudoc.abes.fr/DB=2.1/SRCH?IKT=12&TRM=00219242X},
	%urldate				= {},
	keywords				= {cnam-nfa007,cnam-nfa013},
	abstract				= {},
	pubstate				= {\href{www.amazon.fr/systèmes-dinformation-dans-lorganisation}{Épuisé}},
}
@book{Mocq:2015,
	author					= {François Mocq},
	title						= {Raspberry Pi 2},
	subtitle				= {Exploitez tout le potentiel de votre nano-ordinateur},
	date						= {2015},% 13 mai 2015
	%editor					= {},
	%editortype			= {collaborator},
	%edition					= {4},
	series					= {Ressources informatiques},
	publisher 			= {\textsc{Eni Éditions}},
	location				= {Saint-Herblain},
	pagetotal				= 662,
	language				= {french},
	langid					= {french},
	library					= {www.editions-eni.fr},
	isbn						= {978-2-7460-9503-8},
	%url							= {},
	%urldate					= {},
	keywords				= {raspberrypi},
	abstract				= {L'objectif de ce livre est de fournir au lecteur des bases solides 
										pour explorer les ressources offertes par le Raspberry Pi tant du point de vue 
										du système d'exploitation que du développement et de l'interfaçage physique. 
										Aucun prérequis en Linux, en programmation ou en électronique n'est nécessaire.
										Le livre a été écrit sur les modèles Pi 2, B+ et A+, toutes les informations 
										concernant le matériel sont 100\% compatibles avec le modèle Pi 3.\\
										Après une présentation physique du Raspberry Pi, vous aurez un aperçu 
										des systèmes d'exploitation compatibles avec cet ordinateur. 
										Vous serez guidé pour installer rapidement le système d'exploitation 
										de votre choix sur une carte SD et rendre votre Raspberry Pi opérationnel 
										(l'écriture a été réalisée sur le système Wheezy). L'utilisation de NOOBS, 
										outil d'installation d'un système, de récupération de la carte SD 
										et de gestion du multiboot est expliquée en détail. 
										Une première étape de découverte du système Linux à travers 
										la ligne de commande précède la mise en œuvre du Raspberry Pi en mode graphique. 
										Vous verrez comment utiliser des mémoires de masse externes 
										(clé USB, disque dur USB) et faire démarrer le Raspberry Pi sur un 
										de ces supports de stockage externes. 
										Vous apprendrez à utiliser les environnements de développement disponibles 
										pour le Raspberry Pi : en Scratch et en Python. La description du GPIO suivie 
										d'exemples d'utilisation des ports d'entrée-sortie du Raspberry Pi 
										et de mise en œuvre de cartes d'interface ouvrent la voie à des applications 
										dans lesquelles le Raspberry Pi interagit avec le monde physique. 
										Vous apprendrez comment transformer votre Raspberry Pi en poste bureautique 
										avec la suite LibreOffice (édition et impression), en média-center avec XBMC, 
										en serveur web avec lighttpd et WordPress ou en caméra de vidéosurveillance 
										capable de détecter un mouvement et de vous en avertir par email. 
										Enfin, dans le chapitre sur le dépannage, vous découvrirez comment utiliser 
										les voyants du Raspberry Pi pour établir un premier diagnostic. 
										Les principaux dysfonctionnements constatés sur le Raspberry Pi sont également 
										expliqués avec des solutions à mettre en œuvre pour les corriger.\\
										Des éléments complémentaires sont en téléchargement 
										sur le site \url{www.editions-eni.fr}.},
}
@book{Nancy-Espinasse:2001,
	author					= {Dominique Nanci and Bernard Espinasse},
	title						= {Ingénierie des systèmes d'information},
	subtitle				= {Merise deuxième génération},
	date						= {2001},%{2001-06-01},
	%editor					= {Bernard Cohen and Jean-Claude Asselborn and Henri Heckenroth},
	editor					= {B.~Cohen and J.-Cl.~Asselborn and H.~Hecken{\hyphenate}roth},
	editortype			= {collaborator},
	%edition					= {4},
	series					= {Informatique},
	publisher 			= {\textsc{Vuibert}},
	location				= {Paris},
	pagetotal				= 476,
	language				= {french},
	langid					= {french},
	library					= {www.vuibert.fr},
	isbn						= {978-2-7117-8674-9},
	url							= {http://www.lsis.org/espinasseb/LivreMerise/LivreMerisePDF-total-12sept14.pdf},
	urldate					= {2017-10-02},
	keywords				= {cnam-nfa007,cnam-nfa013,cnam-nfa008,cnam-nfa011},
	abstract				= {Cet ouvrage a été publié jusqu’en 2010 par les éditions Vuibert,
										collection informatique. Les auteurs ayant récupéré leurs droits,
										il est maintenant disponible en téléchargement gratuit, pour qu’il serve
										de témoignage de cette belle aventure qu’aura été le développement
										et l’évolution de cette méthode Merise, et afin que son enseignement
										et sa mise en œuvre soit toujours possible. D.~Nancy et B.~Espinasse, mars 2014.},
}
@book{OCDEinnov:2005,
	author					= {OCDE and Eurostat},
	title						= {Manuel d'Oslo},
	subtitle				= {Principes directeurs pour le recueil et l'interprétation des données sur l'innovation},
	date						= 2005,
	edition					= 3,
	publisher 			= {OECD Publishing},
	location				= {Paris},
	pagetotal				= 184,
	language				= {french},
	library					= {OECD iLibrary},
	abstract				= {Le Manuel d'Oslo est la principale source internationale de principes
										directeurs en matière de collecte et d'utilisation d'informations
										sur les activités d'innovation dans l'industrie. Cette troisième édition
										tient compte des progrès réalisés dans la compréhension du processus
										de l'innovation, de l'expérience acquise lors de la précédente série
										de recherche sur l'innovation. Elle prend également compte de l'ouverture
										du champ d'investigation vers d'autres secteurs de l'industrie
										et des dernières révisions de classification des normes internationales.},
	keywords				= {epn-fablab,innovation},
}
@book{Paloque-Berges-Masutti:2013,
	% For adding a optional hyphenation and hyphen see: https://tex.stackexchange.com/questions/185134
	author					= {Camille Paloque-Berges and Christophe Masutti and Pascal Ro{\hyphenate}bert and Valérie Scha{\hyphenate}fer and Christopher Kelty and Stépha{\hyphenate}ne Ribas and Patrick Guillaud and Stéphane Ubéda and Nicolas Jullien and Jean-Benoît Zimmerman and Pierre-Amiel Giraud and Damien Djaouti and Thibaud Hulin and Sébastien Broca and Benjamin Jean and Primavera {de Filippi} and Isabelle Ramade and Robert Viseur and Séverine Giordan and Adrienne Alix and Jonathan Chibois and Alexandre Hocquet and Gérard Giraudon and Jean-Luc Ar{\hyphenate}chimbaud and François Élie and Jean-Pierre Archambault},
	title						= {Histoires et cultures du Libre},
	subtitle				= {Des logiciels partagés aux licences échangées},
	date						= 2013,
	%edition					= 1,
	editor					= {Camille Paloque-Berges and Christophe Masut{\hyphenate}ti},
	publisher 			= {\textsc{FramaBook}},
	location				= {Paris},
	pagetotal				= 580,
	language				= {french},
	langid					= {french},
	library					= {https://framabook.org/},
	isbn						= {978-2-9539187-9-3},
	abstract				= {Fruit de la collaboration inédite d’auteurs provenant
										d’horizons disciplinaires différents, par des approches thématiques
										et des études de cas, cet ouvrage propose une histoire culturelle
										du Libre non seulement à travers l’histoire de l’informatique,
										mais aussi par les représentations sociales, philosophiques,
										juridiques et économiques qu’a cristallisées le mouvement du logiciel libre
										jusqu’à nos jours.\\
										À l’aide de multiples clés d’analyse, et sans conception partisane,
										ce livre dresse un tableau des bouleversements des connaissances
										et des techniques que ce mouvement a engendrés. Le lecteur saura trouver
										dans cette approche ambitieuse et prospective autant d’outils
										pour mieux comprendre les enjeux de l’informatique, des réseaux,
										des libertés numériques, ainsi que l’impact de leurs trajectoires politiques
										dans la société d’aujourd’hui.},
	note						= {un chapitre supplémentaire et deux textes additionnels sont disponibles
										\href{https://framabook.org/histoiresetculturesdulibre/}{au téléchargement}},
	keywords				= {inria-mooc},
}
@book{Perret-Jacquemelle:2014,
	author					= {Xavier Perret and Guy Jacquemelle},
	title						= {Big Data},
	subtitle				= {Le cinéma avait déjà tout imaginé !},
	date						= {2014},
	%editor					= {},
	%editortype			= {collaborator},
	edition					= 1,
	series					= {Tout savoir sur...},
	publisher 			= {Éditions Kawa},
	location				= {Paris},
	pagetotal				= 240,
	language				= {french},
	langid					= {french},
	library					= {www.editions-kawa.com},
	isbn						= {978-2-36778-015-3},
	%url						= {},
	%urldate				= {},
	keywords				= {inria-mooc},
	note						= {},
	abstract				= {Les films de science-fiction aiment à imaginer ce que sera l’humanité 
										dans les décennies à venir et sont parfois annonciateurs des bouleversements 
										qui nous attendent. Souvenez-vous ! Terminator, La Mouche, La nuit 
										des morts-vivants, Minority Report, Matrix, Dead Zone...
										Le déluge de données, la téléportation, l’alerte sur des crimes qui n’ont pas 
										encore été commis, le voyage dans le temps et la résurgence du passé, 
										l’affichage et l’utilisation d’images en réalité augmentée : ces films ont 
										en commun d’avoir esquissé ce qui est devenu réalité.\\ 
										Sans même nous en rendre compte, nous générons de plus en plus de données : 
										toutes nos recherches sur Internet, nos photos, vidéos et « \emph{likes} » 
										postés sur les réseaux sociaux, nos \emph{tweets}, nos mails représentent 
										d’immenses volumes de données et laissent des traces. Des millions de citoyens 
										se déplacent également avec le GPS de leur téléphone dans leurs poches 
										et fournissent nombre d’informations sur leurs habitudes et leurs comportements.
										Ces milliards d’empreintes numériques sont devenues si volumineuses 
										qu’on les appelle les \emph{Big Data}. Elles constituent un nouvel eldorado 
										pour ceux qui savent les analyser, les comprendre et découvrir les secrets 
										qu’elles recèlent.\\
										Au travers de 11 films, cet ouvrage évoque des situations qui, 
										il y a quelques années, nous paraissaient impossibles ou tellement lointaines. 
										Il prouve, au travers de nombreux exemples, qu’aujourd’hui déjà, nous sommes 
										allés au-delà de ce que l’on nous promettait et que ce mouvement ne peut 
										que s’accélérer. Pour le meilleur, mais aussi parfois, pour le pire.
										Ce livre vous offre des clés pour comprendre ce nouveau monde, tirer profit 
										de ces nouvelles opportunités et vous donne de précieux conseils pour protéger 
										votre « patrimoine » numérique.},
}
@book{Pintscheretal:2013,
	% For adding a optional hyphenation and hyphen see: https://tex.stackexchange.com/questions/185134
	author					= {Lydia Pintscher and Armijn Hemel and Markus Kroëtzsch and Evan Prodro{\hyphenate}mou and Felipe Ortega and Leslie Hawthorn and Kevin Ot{\hyphenate}tens and Jeff Mitchell and Austin Appel and Thiago Madeira and Henri Bergius and Kai Blin and Ara Pulido and Andre Klapper and Jonathan “Duke” Leto and Atul Jha and Rich Bowen and Anne Gentle and Shaun McCance and Runa Bhattacharjee and Guillau{\hyphenate}me Paumier and Federico Mena Quintero and Máirín Duffy Strode and Eugene Trounev and Robert Kaye and Jono Bacon and Alexandra Leisse and Jonathan Rid{\hyphenate}dell and Thorn May and Vincent Untz and Stuart Jarvis and Jos Poortvliet and Sally Khudairi and Nóirín Plunkett and Dave Neary and Gareth J.Greenaway and Selena Deckelmann and Till Adam and Frank Karlitschek and Carlo Daffara and Till Jaeger and Shane Coughlan},
	title						= {Libres conseils},
	subtitle				= {Ce que nous aurions aimé savoir avant de commencer},
	date						= 2013,
	%edition					= 3,
	editor					= {Lydia Pintscher},
	publisher 			= {\textsc{FramaBook}},
	location				= {Paris},
	pagetotal				= 373,
	language				= {french},
	langid					= {french},
	library					= {https://framabook.org/},
	isbn						= {978-10-92674-04-0},
	abstract				= {Les projets de logiciels libres bousculent le monde du logiciel
										parce qu’ils sont menés de façon originale, par des utilisateurs convaincus
										et impliqués. Chacun apporte quelque chose au mouvement à sa manière,
										selon ses aptitudes et ses connaissances.
										Cet engagement personnel et la puissance de la collaboration sur Internet
										donnent sa force particulière au logiciel libre.\\
										Ce livre apporte 42 réponses à la question : « Qu’auriez-vous aimé savoir
										quand vous avez commencé à contribuer ? »\\
										Les 42 auteurs font part de leur expérience et décrivent
										les nombreux talents différents qui doivent se combiner
										comme les briques de construction du projet :
										l’art du code bien sûr, mais aussi le design, les compétences
										de documentation et de traduction, le marketing et bien d’autres domaines...
										Si vous êtes débutant, cet ouvrage vous donnera une longueur d’avance.
										Et si vous avez contribué depuis un certain temps déjà,
										il vous donnera un aperçu précieux d’autres domaines et projets.},
	keywords				= {inria-mooc},
}
@book{Raskin:2000,
	author					= {Jef Raskin},
	title						= {The Humane Interface},
	subtitle				= {New Directions for Designing Interactive Systems},
	year						= {2000},
	%date						= {2000-03-29},% Ça fout la merde ! juste mettre l'année
	%editor					= {},
	%editortype			= {collaborator},
	%edition				= {},
	%series					= {},
	publisher 			= {ACM Press/Addison-Wesley Publishing Co.},
	location				= {New York, NY, USA},
	pagetotal				= {256},
	language				= {english},
	langid					= {english},
	%library					= {},
	%library					= {},
	isbn						= {978-0-2013-7937-2},% ISBN10=0-2013-7937-6 - ISBN13=978-0-2013-7937-2
	%url							= {},
	%urldate				= {},
	keywords				= {inria-mooc},
	%note						= {},
	abstract				= {The honeymoon with digital technology is over: millions of users are tired
										of having to learn huge, arcane programs to perform the simplest tasks;
										fatigued by the pressure of constant upgrades, and have had enough
										of system crashes.
										In The Humane Interface, Jef Raskin --- the legendary, controversial creator
										of the original Apple Macintosh project --- shows that there is another path.
										Raskin explains why today's interface techniques lead straight to a dead end,
										and offers breakthrough ideas for building systems users will understand
										--- and love. Raskin reveals the fundamental design failures at the root
										of the problems so many users experience; shows how to understand
										user interfaces scientifically and quantitatively;
										and introduces fundamental principles that should underlie
										any next-generation user interface.
										He introduces practical techniques designers can use to improve
										their productivity of any product with an information-oriented
										human-machine interface, from personal computers to Internet appliances
										and beyond.
										The book presents breakthrough solutions for navigation, error management,
										and more, with detailed case studies from Raskin's own work.
										For all interface design programmers, product designers,
										software developers, IT managers, and corporate managers.\\[0.5ex]
										"Deep thinking is rare in this field where most companies are glad
										to copy designs that were great back in the 1970s.
										The Humane Interface is a gourmet dish from a master chef. Five mice!"
										--Jakob Nielsen, Nielsen Norman Group, author of
										"\textit{Designing Web Usability: The Practice of Simplicity}"\\[0.25ex]
										This unique guide to interactive system design reflects the experience
										and vision of Jef Raskin, the creator of the Apple Macintosh.
										Other books may show how to use today's widgets and interface ideas
										effectively. Raskin, however, demonstrates that many current interface
										paradigms are dead ends, and that to make computers significantly easier
										to use requires new approaches. He explains how to effect desperately
										needed changes, offering a wealth of innovative and specific interface
										ideas for software designers, developers, and product managers.\\[0.25ex]
										The Apple Macintosh helped to introduce a previous revolution in computer
										interface design, drawing on the best available technology to establish many
										of the interface techniques and methods now universal in the computer industry.
										With this book, Raskin proves again both his farsightedness
										and his practicality. He also demonstrates how design ideas must be built
										on a scientific basis, presenting just enough cognitive psychology
										to link the interface of the future to the experimental evidence
										and to show why that interface will work.\\[0.25ex]
										Raskin observes that our honeymoon with digital technology is over:
										We are tired of having to learn huge, arcane programs to do even
										the simplest of tasks; we have had our fill of crashing computers;
										and we are fatigued by the continual pressure to upgrade.
										The Humane Interface delivers a way for computers, information appliances,
										and other technology-driven products to continue to advance in power
										and expand their range of applicability, while becoming free of the hassles
										and obscurities that plague present products.},
	%pubstate				= {},
}
@book{Raymond:2001,
	author					= {Eric S. {Raymond}},
	title						= {The Cathedral \& The Bazaar},
	subtitle				= {Musings on Linux and Open Source by an Accidental Revolutionary},
	date						= {2001},
	%editor					= {},
	%editortype			= {collaborator},
	edition					= {2},
	%series					= {},
	publisher 			= {\textsc{O'Reilly}},
	location				= {Sebastopol, CA},
	pagetotal				= 258,
	language				= {english},
	langid					= {english},
	library					= {www.oreilly.com},
	isbn						= {978-0-596-00108-7},
	%url						= {},
	%urldate				= {},
	keywords				= {inria-mooc},
	note						= {First edition October 1999, Revised edition January 2001},
	abstract				= {The Cathedral and the Bazaar is a must read for anyone who cares about
										the future of the computer industry or the dynamics of the information
										economy. Eric Raymond's persuasive manifesto defining the open source
										revolution has helped propel this collaborative approach to software
										development into the mainstream. As corporations continue to adopt
										technologies like Linux, Apache, and Perl, open source is proving
										to be the competitive advantage in the Internet Age. ---
										Eric S. Raymond is an observer-participant anthropologist in the Internet
										hacker culture. His research has helped explain the decentralized
										open-source model of software development that has proven so effective
										in the evolution of the Internet. His own software projects include
										one of the Internet's most widely-used email transport programs.},
}
@book{Rougier:2020b,
	author					= {Nicolas P. {Rougier}},
	title						= {Scientific Visualization – Python \& Matplotlib},
	subtitle				= {Scientific Python — Volume II},
	date						= {2020},
	%editor					= {},
	%editortype			= {collaborator},
	edition					= {1},
	%series					= {},
	publisher 			= {},
	location				= {Bordeaux},
	%pagetotal				= 258,
	language				= {english},
	langid					= {english},
	library					= {https://github.com/rougier/scientific-visualization-book},
	%isbn						= {978-0-596-00108-7},
	%url						= {},
	%urldate				= {},
	keywords				= {inria-mooc},
	note						= {In print, Summer 2020.},
	%abstract				= {},
}
@book{Rumbaugh-et-al:1991,
	author					= {James R. Rumbaugh and Michael R. Blaha and William Premerlani
										 and Frederick Eddy and William Lorensen},
	title						= {Object-Oriented Modeling and Design},
	date						= {1991},
	publisher 			= {Prentice Hall},%{Englewood Cliffs, N.J.: Prentice Hall},
	location				= {New-York},
	pagetotal				= {500},
	language				= {english},
	langid					= {english},
	library					= {http://www.prenticehall.com/},
	%library					= {www.amazon.fr/systèmes-dinformation-dans-lorganisation},
	isbn						= {978-0-1362-9841-0},
	%url						= {},
	%urldate				= {},
	keywords				= {cnam-nfa013},
}
@book{SmiersSchijndel:2011,
	author					= {Joost Smiers and Marieke van Schijndel},
	title						= {Un monde sanscopyright... Et sans monopole},
	subtitle				= {},
	date						= 2012,
	edition					= {2},
	%editor					= {},
	publisher 			= {\textsc{FramaBook}},
	location				= {Paris},
	pagetotal				= 334,
	language				= {french},
	langid					= {french},
	library					= {https://framabook.org/},
	isbn						= {978-2-9539187-5-5},
	abstract				= {Nous sommes heureux de publier cette traduction française de
										\textit{Producing Open Source Software.
										How to Run a Successful Free Software Project},
										dont le texte original est accessible sur
										\href{https://producingoss.com/}{ProducingOSS.com,}
										dans de nombreuses autres langues.
										Grâce à son expérience du développement \textit{Open Source},
										Karl \textsc{Fogel} détaille dans ce livre les éléments stratégiques
										les plus importants de la conduite de projet comme la bonne pratique
										du courrier électronique et le choix du gestionnaire de versions,
										mais aussi la manière de rendre cohérents et harmonieux
										les rapports humains tout en ménageant les susceptibilités...
										En somme, dans le développement \textit{Open Source} peut-être plus qu’ailleurs,
										et parce qu’il s’agit de trouver un bon équilibre
										entre coopération et collaboration,
										les qualités humaines sont aussi décisives que les compétences techniques.},
	keywords				= {inria-mooc},
}
@book{Stallman-Williams-Massutti:2010,
	% For adding a optional hyphenation and hyphen see: https://tex.stackexchange.com/questions/185134
	author					= {Richard M. Stallman and Sam Williams and Christophe Massuti},
	title						= {Richard Stallman et la révolution du logiciel libre},
	subtitle				= {Une biographie autorisée},
	date						= {2010},
	%editor					= {},
	%editortype			= {collaborator},
	%edition				= {},
	series					= {Accès Libre},
	publisher 			= {\textsc{Framabook-Eyrolles}},
	location				= {Paris},
	pagetotal				= 324,
	language				= {french},
	langid					= {french},
	library					= {www.eyrolles.com},
	isbn						= {978-2-212-12609-9},
	%url						= {},
	%urldate				= {},
	keywords				= {inria-mooc},
	note						= {Traduction française, remaniée et augmentée, de l'ouvrage
										« \textit{Free as in Freedom} » (2002) de Sam \textsc{Williams} et publié
										sous licence \href{https://www.gnu.org/licenses/fdl-1.3.html}{GNU-FDL}
										par l'association FramaSoft et les Éditions Eyrolles.
										Disponible au
	\href{https://framabook.org/richard-stallman-et-la-revolution-du-logiciel-libre-2}{téléchargement}
										},
	abstract				= {Né en 1953, Richard Stallman est un programmeur américain hors pair considéré
										comme le « père » du logiciel libre.
										Son héritage est unanimement reconnu et son influence toujours plus grande
										sur nos sociétés actuelles de l’information et de la communication.
										Ses conférences en français débutent invariablement ainsi :
										« Je puis résumer le logiciel libre en trois mots :
										liberté, égalité, fraternité ».
										Cette biographie éclaire sans complaisance la vie de ce personnage
										autant décrié qu’encensé qui a révolutionné l’histoire du logiciel
										en particulier en initiant le projet GNU. À travers cet ouvrage,
										nous pouvons mieux connaître le parcours et les combats
										de cet homme hors du commun.},
}
@book{Stiegler:2015a,
	author					= {Bernard Stiegler},
	title						= {La Société automatique},
	subtitle				= {L'avenir du travail},
	date						= {2015},%{2015-03-18},
	series					= {La Couleur des idées},
	publisher 			= {Fayard},
	location				= {Paris},
	pagetotal				= 300,
	language				= {french},
	library					= {www.fayard.fr},
	isbn						= {978-2-21-368565-6},
	keywords				= {epn-fablab,inria-mooc},
	%abstract				= {},
}
@book{Stiegler:2015b,
	author					= {Bernard Stiegler},
	title						= {L'emploi est mort, vive le travail !},
	subtitle				= {Entretien avec Ariel Kyrou},
	date						= {2015},%{2015-05-20},
	series					= {Les Petits Libres},
	publisher 			= {Fayard -- Mille et une nuits},
	location				= {Paris},
	pagetotal				= 120,
	language				= {french},
	library					= {www.fayard.fr},
	isbn						= {978-2-75-550746-1},
	keywords				= {epn-fablab,inria-mooc},
	%abstract				= {},
}
@book{Swinnen:2012,
	author					= {Gérard Swinnen},
	title						= {Apprendre à programmer avec Python 3},
	%subtitle				= {},
	date						= {2012},
	%translator			= {},
	%editor					= {},
	%editortype			= {collaborator},
	edition					= {3},
	series					= {Collection Noire},
	publisher 			= {\textsc{Eyrolles}},
	location				= {Paris},
	pagetotal				= 436,
	language				= {french},
	langid					= {french},
	library					= {www.eyrolles.com},
	isbn						= {978-2-2121-3434-6},
	url							= {http://inforef.be/swi/python.htm},
	%urldate				= {},
	keywords				= {inria-mooc, python},
	note						= {La version numérique de ce texte peut être téléchargée librement à partir du site :
										\url{http://inforef.be/swi/python.htm}},
	abstract				= {Reconnu et utilisé par les enseignants de nombreuses écoles et IUT, 
										complété d'exercices accompagnés de leurs corrigés, cet ouvrage original 
										et érudit est une référence sur tous les fondamentaux de la programmation : 
										choix d'une structure de données, paramétrage, modularité, orientation objet 
										en héritage, conception d'interface, multithreading et gestion d'événements, 
										protocoles de communication et gestion réseau, bases de données... 
										jusqu'à la désormais indispensable norme Unicode (le format UTF-8). 
										On verra notamment la réalisation avec Python 3 d'une application 
										Web interactive et autonome, intégrant une base de données SQLite. 
										Cette nouvelle édition traite de la possibilité de produire des documents 
										imprimables (PDF) de grande qualité en exploitant les ressources 
										combinées de Python 2 et Python 3.},
}
@book{Tanenbaum:2008,
	author					= {Andrew S. Tanenbaum},
	title						= {Systèmes d'exploitation},
	%subtitle				= {},
	date						= {2008},
	translator			= {Jean-Alain Hernandez and René Joly},
	%editor					= {},
	%editortype			= {collaborator},
	edition					= {3},
	series					= {Informatique},
	publisher 			= {\textsc{Pearson France}},
	location				= {Paris},
	pagetotal				= 1070,
	language				= {french},
	langid					= {french},
	library					= {www.eyrolles.com},
	isbn						= {978-2-7440-7299-4},
	%url						= {},
	%urldate				= {},
	keywords				= {inria-mooc},
	%note						= {Traduction française},
	abstract				= {Cet ouvrage présente de façon pédagogique et complète
										les systèmes d'exploitation. Andrew Tanenbaum, auteur de nombreux livres
										et concepteur de plusieurs systèmes d'exploitation (MINIX, Amoeba),
										expose dans un style clair des notions et des réalisations complexes.
										La conception de ce manuel est modulaire: les six premiers chapitres
										présentent les éléments fondamentaux qui composent un système d'exploitation
										(threads et processus, gestion de la mémoire, systèmes de fichiers, E/S).
										Les six chapitres suivants approfondissent des sujets tels que la sécurité,
										les systèmes d'exploitation multimédias, les systèmes multiprocesseurs
										et les techniques de conception des systèmes.
										La nouvelle édition de ce best-seller mondial traite des derniers développements
										technologiques des systèmes d'exploitation :
										\begin{itemize}
											\item des chapitres entièrement refondus sur la sécurité informatique,
											les systèmes d'exploitation multimédias et les systèmes multiprocesseurs ;
											\item une exploitation étendue des systèmes les plus répandus :
											un chapitre sur \textsc{Linux}
											et un chapitre nouveau sur \textsc{Windows Vista}™ ;
											\item un chapitre complet sur la conception des systèmes d'exploitation ;
											\item une étude enrichie des interfaces graphiques,
											des systèmes d'exploitation multiprocesseurs,
											des systèmes sécurisés, des virus, des nouveaux algorithmes d'ordonnancement
											et de pagination ;
											\item À la fin de la majorité des chapitres, une présentation
											des recherches actuelles sur le sujet ;
											\item 450 exercices et problèmes, la plupart fortement actualisés.
										\end{itemize}},
}
@book{Tanenbaum-Wetherall:2011,
	author					= {Andrew S. Tanenbaum and David J. Wetherall},
	title						= {Réseaux},
	%subtitle				= {},
	date						= {2011},%25-08-2011
	%editor					= {},
	%editortype			= {collaborator},
	translator			= {Jean-Alain Hernandez and René Joly},
	edition					= {5},
	series					= {Informatique},
	publisher 			= {\textsc{Pearson France}},
	location				= {Paris},
	pagetotal				= 970,
	language				= {french},
	langid					= {french},
	library					= {www.pearson.fr},
	isbn						= {978-2-7440-7521-6},
	%url						= {},
	%urldate				= {},
	keywords				= {inria-mooc},
	%note						= {Traduction française},
	abstract				= {L'ouvrage de référence sur les réseaux, entièrement mis à jour
										pour inclure les technologies incontournables de demain.\\
										Ce best-seller mondial a fait l'objet d'une révision minutieuse
										pour refléter les évolutions technologiques récentes,
										avec une attention particulière accordée aux avancées en matière de multimédia,
										aux réseaux 3G utilisés avec les smartphones et les terminaux de poche,
										aux étiquettes radio (RFID) et aux réseaux de capteurs,
										aux réseaux de distribution de contenu (CDN), et aux réseaux peer-to-peer.
										De nouveaux développements concernent également le temps réel
										(audio et vidéo à partir de fichiers ou en streaming),
										la vidéo à la demande et la téléphonie sur Internet (voix sur IP).\\
										Andrew Tanenbaum et David Wetherall exposent de façon détaillée
										le fonctionnement interne des réseaux, depuis la couche physique
										jusqu'à la couche application.
										Cet ouvrage est organisé de la façon suivante :
										\begin{itemize}
											\item Couche physique
											(cuivre, fibre, sans fil, satellites, OFDM et CDMA, etc.) ;
											\item Couche liaison de données (principes des protocoles,
											détection et correction des erreurs, HDLC, PPP, etc.) ;
											\item Sous-couche MAC (Ethernet gigabit, 802.11, 802.16,
											Bluetooth et les RFID, sans fil à large bande, etc.) ;
											\item Couche réseau (algorithmes de routage,
											qualité de service en temps réel, IPv4, IPv6, etc.) ;
											\item Couche transport
											(programmation de sockets, UDP, TCP, RTP, contrôle de congestion,
											performances des réseaux, réseaux tolérants aux délais, etc.) ;
											\item Couche application
											(messagerie électronique, Web, PHP, DNS, streaming audio, etc.) ;
											\item Sécurité des réseaux (AES, RSA, chiffrement quantique, IPSec,
											sécurité du Web, sécurité 802.11 et Kerberos V5, etc.).
										\end{itemize}
										Ce livre présente en outre de nombreux exemples issus de l'Internet
										et des réseaux sans fil ; il comporte plusieurs centaines d'exercices,
										tous entièrement corrigés sur le site compagnon.},
}
@book{Tardieu-Nancy-Pascot:1979,
	% For adding a optional hyphenation and hyphen see: https://tex.stackexchange.com/questions/185134
	author					= {Hubert Tardieu and Dominique Nanci and Daniel Pas{\hyphenate}cot},
	title						= {Conception d'un système d'information},
	subtitle				= {Construction de la base de données},
	date						= {1979},
	%editor					= {},
	%editortype			= {collaborator},
	%edition				= {},
	%series					= {},
	publisher 			= {Éditions d'Organisation-Eyrolles},
	location				= {Paris},
	pagetotal				= 192,
	language				= {french},
	langid					= {french},
	library					= {www.eyrolles.com},
	isbn						= {978-2-7081-0384-9},
	%url						= {},
	%urldate				= {},
	keywords				= {cnam-nfa007,cnam-nfa013},
	abstract				= {},
}
@book{Tisserand:2019,
	author					= {Fabien Tisserand},
	title						= {Au cœur des réseaux},
	subtitle				= {Des sciences aux citoyens},
	date						= {2019},
	%editor					= {},
	%editortype			= {collaborator},
	%edition				= {},
	series					= {Collection Essais},
	publisher 			= {Éditions Le Pommier},
	location				= {Paris},
	pagetotal				= 168,
	language				= {french},
	langid					= {french},
	library					= {www.editions-lepommier.fr},
	isbn						= {978-2-7465-1666-3},
	%url						= {},
	%urldate				= {},
	keywords				= {inria-mooc},
	note						= {},
	abstract				= {Les réseaux : omniprésents dans notre vie, réelle comme virtuelle, ils jouent 
										un rôle central pour décrypter les enjeux du monde contemporain, 
										et ce particulièrerement dans le contexte du Big Data. Entre la propagation 
										de \emph{fake news}, l’enregistrement toujours plus grand de nos traces 
										sur le Web, leur exploitation pour déterminer nos goûts, nos habitudes 
										et prédire notre comportement futur... il y a de quoi faire ! Et pourtant, 
										de notre utilisation des réseaux à leur compréhension, il y a un gouffre.\\
										Ce livre grand public souhaite permettre au lecteur de reprendre le contrôle 
										sur ces questions qui semblent si souvent techniques et hors de notre portée. 
										En rendant accessibles les outils d’une science émergente qui s’attache 
										à expliquer les « comportements » des réseaux, voire à les prédire...\\
										La science des réseaux vous conduira de découverte en découverte, 
										des fameux « six degrés de séparation » censés relier toute paire 
										d’individus au phénomène dit du « petit monde » selon lequel les amis 
										de mes amis sont mes amis, vous comprendrez même les algorithmes 
										de \textsc{Google} ou de \textsc{Facebook} ! Excusez du peu !},
}
@book{Torvalds:2001,
	author					= {Linus B. Torvalds and David Diamond},
	title						= {Il était une fois \textsc{Linux}},
	subtitle				= {L'extraordinaire histoire d'une révolution accidentelle},
	date						= {2001},
	%editor					= {},
	%editortype			= {collaborator},
	%edition				= {},
	%series					= {},
	publisher 			= {\textsc{Osman Eyrolles Multimédia (OEM)}},
	location				= {Paris},
	pagetotal				= 300,
	language				= {french},
	langid					= {french},
	library					= {www.eyrolles.com},
	isbn						= {978-2-7464-0321-5},
	%url						= {},
	%urldate				= {},
	keywords				= {inria-mooc},
	note						= {Traduction française, réalisée par Olivier \textsc{Engler}, de l'ouvrage
										« \textit{Just for Fun: The Story of an Accidental Revolutionary} ».},
	abstract				= {II y a aujourd'hui dix ans, un étudiant finlandais
										nommé Linus \textsc{Torvalds} s'enfermait plusieurs mois dans sa chambre,
										rideaux tirés, pour un long tête-à-tête avec son ordinateur.
										Le résultat : un nouveau système d'exploitation.
										Qu'allait-il en faire ? Le garder pour son usage personnel ?
										Le vendre à une société de logiciels ?
										Rien de tout cela. Linus décide de rendre le fruit de son travail
										librement accessible sur Internet en invitant toute personne intéressée
										à l'améliorer. L'\textsc{Unix} libre de Linus, baptisé \textsc{Linux},
										était né et avec lui, une nouvelle manière de concevoir les logiciels
										qui allait bouleverser l'univers de l'informatique.
										La suite des événements fera date dans l'histoire. Linus Torvalds
										est devenu la figure emblématique du monde du logiciel libre.
										Son puissant système d'exploitation est aujourd'hui un acteur
										de tout premier plan de l'industrie informatique.
										La méthode de conception utilisée, nourrie de passion volontaire,
										fait de \textsc{Linux} le plus vaste projet de création collective
										qui ait jamais existé.
										Pour la première fois, Linus \textsc{Torvalds} raconte, dans ce livre,
										son étonnant parcours : sa fascination, tout enfant, pour la calculatrice
										de son grand-père, professeur de statistiques à l'Université d'Helsinki,
										sa première rencontre en 1981 avec un ordinateur, un Commodore VIC-20
										et bien sûr les circonstances de la création du noyau \textsc{Linux},
										le composant essentiel du système \textsc{GNU/Linux}.
										Linus \textsc{Torvalds} est aujourd'hui l'informaticien le plus «~convoité~»
										de la planète. Il vit en Californie avec sa femme et ses filles.
										Il est le gourou incontesté de plusieurs millions de linuxiens
										convertis tout autour de la planète.\\
										Un matin d'août 1991, du fin fond de la Finlande, Linus \textsc{Torvalds},
										alors âgé de 21 ans, lançait à travers le monde entier
										un message électronique désormais légendaire :
										« Hello à tous. Je travaille pour l'instant sur un système d'exploitation
										gratuit (ce sera un hobby et non une occupation professionnelle).
										J'aimerais que vous me donniez vos impressions positives ou négatives
										sur ce travail ».},
}
@book{Tricot:2007,
	author					= {André Tricot},
	title						= {Apprentissages et documents numériques},
	subtitle				= {},
	date						= {2007},
	%editor					= {},
	%editortype			= {collaborator},
	%edition				= {},
	series					= {Belin Sup Psychologie},
	publisher 			= {Belin},
	location				= {Paris},
	pagetotal				= 277,
	language				= {french},
	langid					= {french},
	library					= {www.belin-education.com},
	isbn						= {978-2-7011-4409-2},
	%url						= {},
	%urldate				= {},
	keywords				= {inria-mooc},
	note						= {},
	abstract				= {Les documents numériques à travers des supports comme le World Wide Web 
										et le multimédia constituent une révolution dans l'histoire du document 
										comparable à celle de l'invention de l'imprimerie par Gutenberg. 
										Cette révolution en est à ses débuts mais elle modifie profondément la façon 
										dont les hommes représentent des connaissances les enseignent et les acquièrent 
										et sans doute le statut même de certaines connaissances humaines et de ceux 
										qui les possèdent L'objectif de cet ouvrage est de faire la part 
										entre les promesses et les résultats empiriques dans le domaine 
										des documents numériques pour apprentissages Il est aussi de montrer 
										comment deux processus cognitifs impliqués dans l'apprentissage --- 
										la compréhension et la recherche d'information --- sont modifiés 
										par les nouveaux documents et de faire le point sur les études ergonomiques 
										qui peuvent permettre d'améliorer ces documents Enfin il s'agit de présenter 
										les méthodes utilisées dans le domaine et de discuter de leur pertinence. 
										Cet ouvrage est destiné aux étudiants en psychologie en ergonomie 
										en interaction humains-machines (IHM) et en sciences du langage 
										mais aussi aux enseignants documentalistes et à ceux des disciplines 
										scientifiques et techniques. Il constitue un état de l'art conçu pour être 
										utile aux concepteurs de documents pédagogiques dans le domaine 
										de la formation professionnelle ou de l'enseignement académique},
}
@book{Upton-Halfacree:2013,
	author					= {Eben Upton and Gareth Halfacree},
	title						= {Raspberry Pi},
	subtitle				= {Le guide de l'utilisateur : premiers projets},
	date						= {2013},% 25 avril 2013
	%editor					= {},
	%editortype			= {collaborator},
	edition					= {1},
	%series					= {},
	translator			= {Olivier Engler},
	publisher 			= {\textsc{Pearson France}},
	location				= {Montreuil},
	pagetotal				= 224,
	language				= {french},
	langid					= {french},
	library					= {www.pearson.fr/},
	isbn						= {978-2-7440-2579-2},
	%url						= {},
	%urldate				= {},
	keywords				= {raspberrypi},
	%note						= {},
	abstract				= {L'ouvrage couvre toutes les bases dont les utilisateurs peuvent avoir besoin 
										pour tirer pleinement profit de leur Raspberry Pi, aussi bien sur les questions
										matérielles et logicielles (périphériques, utiliser l'environnement Linux) 
										et sur les premiers pas en programmation.\\
										Ce livre permet de comprendre le matériel et ses principes de fonctionnement : 
										installation, configuration, premiers projets (mise en place d'un home cinéma, 
										création d'un serveur web, utilisation du Raspberry Pi comme d'un outil 
										de travail), et premiers programmes avec Scratch et Python. Il permet de 
										mettre en place des premiers projets simples, de créer des programmes 
										soi-même, et d'apprendre les bases de deux langages de programmation 
										simples : Scratch et Python.},
}
@book{Vial:2013,
	author					= {Stéphane Vial},
	title						= {L'être et l'écran},
	subtitle				= {Comment le numérique change la perception},
	date						= {2013},
	%editor					= {},
	%editortype			= {collaborator},
	edition					= {1},
	%series					= {},
	%translator			= {},
	publisher 			= {\textsc{Presses Universitaires de France}},
	location				= {Paris},
	pagetotal				= 336,
	language				= {french},
	langid					= {french},
	library					= {www.puf.com},
	isbn						= {978-2-13-062786-9},
	%url						= {},
	%urldate				= {},
	keywords				= {inria-mooc},
	%note						= {},
	abstract				= {Les techniques ne sont pas seulement des outils, ce sont des structures 
										de la perception. Elles conditionnent la manière dont le monde nous apparaît 
										et dont les phénomènes nous sont donnés. Depuis près d’un demi-siècle, 
										les technologies numériques nous apportent des perceptions d’un monde inconnu. 
										Ces êtres qui émergent de nos écrans et de nos interfaces bouleversent 
										l’idée que nous nous faisons de ce qui est réel et nous réapprennent 
										à percevoir. Quel est l’être des êtres numériques ? Que devient 
										notre être-dans-le-monde à l’heure des êtres numériques ? 
										Le temps est venu d’analyser l’« ontophanie numérique » 
										dans toute sa complexité. La prétendue différence entre le réel 
										et le virtuel n’existe pas et n’a jamais existé. 
										Nous vivons dans un environnement hybride, à la fois numérique et non numérique, 
										en ligne et hors ligne, qu’il appartient aux designers de rendre habitable},
}
@book{Ziade:2009,
	author					= {Tarek Ziadé},
	title						= {Programmation Python},
	subtitle				= {Conception et optimisation},
	date						= {2009},
	%translator			= {},
	%editor					= {},
	%editortype			= {collaborator},
	edition					= {2},
	series					= {Collection Blanche},
	publisher 			= {\textsc{Eyrolles}},
	location				= {Paris},
	pagetotal				= 586,
	language				= {french},
	langid					= {french},
	library					= {www.eyrolles.com},
	isbn						= {978-2-212-12483-5},
	%url							= {},
	%urldate				= {},
	keywords				= {inria-mooc, python},
	%note						= {},
	abstract				= {Choisi par Google comme l'un de ses langages piliers et utilisé dans 
										des projets d'envergure tels que YouTube, Python est omniprésent dans 
										les applications web modernes. Open Source et portable, sa modularité 
										et son orientation objet permettent de créer des applications de 
										toutes tailles, génériques et maintenables.\\
										Python : de la syntaxe à l'optimisation --- Python est tout indiqué pour 
										le développement d'applications web : serveurs de contenu, moteurs de recherche, 
										agents intelligents, objets distribués... Il est également performant 
										pour réaliser des scripts d'administration système ou d'analyse 
										de fichiers textuels, pour gérer l'accès à des bases de données, 
										pour servir de langage glu entre plusieurs applications, 
										réaliser des applications graphiques classiques, etc.\\
										Pour autant, le développeur n'exploitera vraiment sa puissance 
										qu'en ayant acquis une certaine culture. C'est ce que ce livre permet 
										d'acquérir par la description de techniques éprouvées dans tous les 
										grands projets de développement en Python. Au-delà de la prise en main 
										(installation des environnements d'exécution et de développement, 
										rappels de syntaxe avec les primitives et la bibliothèque standard), 
										cet ouvrage aborde les bonnes pratiques de développement Python, 
										depuis les conventions de nommage et les design patterns objet les 
										plus courants jusqu'à la programmation dirigée par les tests et 
										l'optimisation de code.\\
										Enrichie en nouveaux cas pratiques et exercices, cette édition 
										mise à jour pour Python 2.6 détaille également le script de migration 2to3 
										vers Python 3 et présente la bibliothèque ctypes qui permet de manipuler 
										les structures de données en C/C++.},
}

%---- PhD Thesis
%------------------------------------------------
@thesis{Monnin:2013,
	author					= {Alexandre Monnin},
	title						= {Vers une philosophie du Web : le Web comme devenir-artefact de la philosophie 
										(URIs, tags, ontologie (s) et ressources)},
	%subtitle				= {},
	%titleaddon			= {},
	type						= {Sciences de l'Homme et Société / Philosophie},
	institution			= {Université Panthéon-Sorbonne, Paris I},
	%date						= {2013},
	year						= {2013},
	month						= {04},% October
	number					= {2013PA010592},
	%version					= {3},
	%location				= {Paris},
	%pages						= {134},
	pagetotal				= {639},
	language				= {french},
	langid					= {french},
	eprint					= {https://tel.archives-ouvertes.fr/tel-00879147},% Downloaded source
	%url							= {https://tel.archives-ouvertes.fr/tel-00879147},% Downloaded source
	%url							= {./Documents/Chapter02/monnin-phd.pdf},
	%urldate					= {},
	%isrn						= {},
	%doi							= {},
	%eprint					= {},
	%eprintclass			= {},
	%eprinttype			= {},
	keywords				= {inria-mooc},
	note						= {},
	%pubstate				= {},
	%addendum				= {},
	abstract				= {Cette thèse entend prendre acte de l'importance du Web d'un point de vue 
										philosophique. Importance double : à la fois comme objet de recherche, qui, 
										dans le sillage du Web Sémantique et de l'architecture du Web, 
										à des titres divers, entre en résonance évidente avec les problématiques 
										classiques de la métaphysique et de la philosophie du langage. 
										Dans cette perspective, nous étudions quelques-uns de ses composants 
										principaux (URI, ressources, tags, etc.). En parallèle, nous soulignons 
										son importance au regard de la question du devenir de la philosophie elle-même. 
										En effet, le travail entrepris ne s'est nullement contenté de projeter 
										les concepts à priori d'une philosophia perennis. Il a consisté, au contraire, 
										à interroger les architectes du Web eux-mêmes pour faire émerger 
										leur métaphysique empirique, en observant les controverses qu'elle a suscitées. 
										Prendre acte de la portée ontogonique d'une pratique telle que « l'ingénierie 
										philosophique », selon l'expression de Tim Berners-Lee, pensée ici 
										comme la production de nouvelles distinctions dans un monde en train 
										de se faire, nous conduit à mener une réflexion plus vaste sur la nature 
										de l'objectivation. Celle-ci rejoint en fin de compte des préoccupations 
										politiques, dans la perspective de l'établissement d'un monde commun, 
										auquel le Web participe activement.},
}

%---- Reports and manuals
%------------------------------------------------
@report{Engelbart-SRI:1962,
	author					= {Douglas C. Engelbart},
	title						= {Augmenting Human Intellect: A Conceptual Framework},
	%subtitle				= {},
	%titleaddon			= {},
	type						= {Summary report},
	institution			= {Stanford Research Institute},
	%date						= {1962},
	year						= {1962},
	%month						= {10},% October
	number					= {project n°3578},
	%version					= {},
	location				= {Menlo Park, California},
	%pages						= {134},
	pagetotal				= {134},
	language				= {english},
	langid					= {english},
	%url							= {https://ia800601.us.archive.org/35/items/1962-engelbart-AHI-framework/1962-engelbart-AHI-framework-report.pdf},% Downloaded source
	url							= {./Documents/Chapter01/engelbart-1962-AHI-framework-report.pdf},
	%urldate					= {},
	%isrn						= {},
	%doi							= {},
	%eprint					= {},
	%eprintclass			= {},
	%eprinttype			= {},
	keywords				= {inria-mooc},
	note						= {Contract AF 49(638)-1024},
	%pubstate				= {},
	%addendum				= {},
	abstract				= {This is an initial summary report of a project taking a new and systematic
										approach to improving the intellectual effectiveness of the individual human
										being. A detailed conceptual framework explores the nature of the system
										composed of the individual and the tools, concepts, and methods that match
										his basic capabilities to his problems.
										One of the tools that shows the greatest immediate promise is the computer,
										when it can be harnessed for direct on-line assistance,
										integrated with new concepts and methods.},
}
@report{Nelson:1993,
	author					= {Theodor H. Nelson},% Holm
	title						= {Literary Machines 93.1},
	subtitle				= {The report on, and of, project Xanadu concerning word processing, electronic publishing, hypertext, thinkertoys, tomorrow's intellectual revolution, and certain other topics including knowledge, education and freedom},
	%date						= {},
	year						= {1993},
	%month						= {},
	publisher				= {Mindful Press},
	location				= {Sausalito, California},
	pagetotal				= {288},
	language				= {english},
	langid					= {english},
	%url							= {},
	%urldate					= {},
	%isrn						= {},
	%doi							= {},
	%eprint					= {},
	%eprintclass			= {},
	%eprinttype			= {},
	keywords				= {inria-mooc},
	note						= {},
	%pubstate				= {},
	%addendum				= {},
	%abstract				= {},
}
@report{Revillard:2005,
	author					= {Diane Revillard},
	title						= {Organisations et logiciels libres},
	%subtitle				= {},
	date						= {2005},%2005-09-06
	publisher 			= {Di\&mark},
	location				= {Paris},
	pagetotal				= 83,
	language				= {french},
	library					= {http://www.diemark.fr/},
	url							= {https://www.april.org/files/documents/livreblanclogicielslibres.pdf},
}
@manual{FranceStrategie:2014,
	author					= {Hélène Garner and Noël Leuthereau-Morel},
	title						= {Gouvernance et organisation des services à la personne en Europe},
	date						= 2014,
	publisher 			= {France Stratégie},
	location				= {Paris},
	pagetotal				= 94,
	language				= {french},
	library					= {www.strategie.gouv.fr},
	url							= {http://www.strategie.gouv.fr/sites/strategie.gouv.fr/files/atoms/files/sap_bat_16-12_19h.pdf},
}
@manual{FranceStrategie:mars2016,
	author					= {Cécile Jolly and Emmanuelle Prouet},
	title						= {L’avenir du travail : quelles redéfinitions de l’emploi, des statuts et des protections ?},
	subtitle				= {Document de travail n° 2016-04},
	date						= {2016-03},
	publisher 			= {France Stratégie},
	location				= {Paris},
	pagetotal				= 64,
	language				= {french},
	library					= {www.strategie.gouv.fr},
	url							= {http://www.strategie.gouv.fr/publications/lavenir-travail-redefinitions-de-lemploi-statuts-protections},
}
@manual{FranceStrategie:marsbis2016,
	author					= {Julia Charrié and Lionel Janin},
	title						= {2017/2027 --- Tirer parti de la révolution numérique},
	subtitle				= {Note d'analyse},
	date						= {2016-03},
	publisher 			= {France Stratégie},
	location				= {Paris},
	pagetotal				= 8,
	language				= {french},
	library					= {www.strategie.gouv.fr},
	url							= {http://www.strategie.gouv.fr/publications/20172027-tirer-parti-de-revolution-numerique},
}
@manual{RapportCNAT:2016,
	author					= {Claude Bergmann and Arianne Azéma and Mario Castellazzi and François Schechter and Christine Gaubert-Macon and Philippe Christmann and Didier Laval},
	title						= {Les besoins et l’offre de formation aux métiers du numérique},
	subtitle				= {Rapport aux ministres de l'éducation nationale, de l’enseignement supérieur et de la recherche, du travail, de l’emploi, de la formation professionnelle et du dialogue social, de l’économie, de l’industrie et du numérique},
	date						= 2016,
	publisher 			= {\textsc{Igas} n°2015-059R, \textsc{Igen--Igaenr} n°2015-097, \textsc{Cgeiet} n°2015/10/CGE/SG},
	location				= {Paris},
	pagetotal				= 97,
	language				= {french},
	url							= {http://cache.media.enseignementsup-recherche.gouv.fr/file/2015/30/7/2015-097_metiers_du_numerique_568307.pdf},
}
@manual{FIAFEC:2013,
	author					= {\textsc{Fiafec} and \textsc{Katalyse} and \textsc{Merlane}},
	title						= {Contrat d'études prospectives du secteur professionnel du numérique},
	subtitle				= {Rapport final du 21 août 2013},
	date						= 2013,
	month						= {8},
	publisher 			= {\textsc{Fiafec}, \textsc{Syntec--Numérique}},
	location				= {Paris},
	pagetotal				= 189,
	language				= {french},
	url							= {http://www.syntec-numerique.fr/sites/default/files/related_docs/cep_numerique_rapport_final_2013.pdf},
}
@manual{SyntecLivreBlanc:2016,
	author					= {\textsc{Syntec--Numérique}},
	title						= {Transformer l’industrie par le numérique},
	subtitle				= {Livre blanc Industrie du futur},
	date						= 2016,
	month						= {4},
	publisher 			= {\textsc{Syntec--Numérique}},
	location				= {Paris},
	pagetotal				= 36,
	language				= {french},
	url							= {http://www.syntec-numerique.fr/sites/default/files/related_docs/2016_05_syntec_numerique_-_industrie_-_livre_blanc.pdf},
}
@manual{CIR:mars2015,
	author					= {CIR},
	title						= {Comité interministériel aux ruralités},
	subtitle				= {Nos ruralités : une chance pour la France},
	date						= {2015-03-13},
	publisher 			= {Premier ministre République Française},
	location				= {Paris},
	pagetotal				= 56,
	language				= {french},
	url							= {http://www.logement.gouv.fr/IMG/pdf/dossier_nos_ruralites_une_chance_pour_la_france-2.pdf},
}
@manual{CIR:septbilan2015,
	author					= {CIR},
	title						= {Comité interministériel aux ruralités},
	subtitle				= {Des avancées concrètes pour les ruralités. Premier bilan des 46 mesures},
	date						= {2015-09-14},
	publisher 			= {Premier ministre République Française},
	location				= {Paris},
	pagetotal				= 44,
	language				= {french},
	url							= {http://www.logement.gouv.fr/IMG/pdf/dp_cir_sept2015_bilan_bd-2.pdf},
}
@manual{CIR:sept2015,
	author					= {CIR},
	title						= {Comité interministériel aux ruralités},
	subtitle				= {Améliorer la qualité de vie et l'attractivité de nos territoires},
	date						= {2015-03-13},
	publisher 			= {Premier ministre République Française},
	location				= {Paris},
	pagetotal				= 50,
	language				= {french},
	url							= {http://www.logement.gouv.fr/IMG/pdf/dp_cir_sept2015_bd-2.pdf},
}
@manual{CIR:mai2016,
	author					= {CIR},
	title						= {Comité interministériel aux ruralités},
	subtitle				= {Égalité, Proximité, Vitalité : Ruralités !},
	date						= {2016-05-20},
	publisher 			= {Premier ministre République Française},
	location				= {Paris},
	pagetotal				= 32,
	language				= {french},
	url							= {http://www.territoires.gouv.fr/fichiers/CIR-3-dossier-presse-2016-05-18-BAT.PDF},
}
@manual{CIR:maibilan2016,
	author					= {CIR},
	title						= {Comité interministériel aux ruralités},
	subtitle				= {Cartographie du déploiement des mesures},
	date						= {2016-05-20},
	publisher 			= {Premier ministre République Française},
	location				= {Paris},
	pagetotal				= 112,
	language				= {french},
	url							= {http://www.territoires.gouv.fr/fichiers/CIR-3-Cartographie-deploiement-mesures-2016-05-18-BAT.pdf},
}
@manual{CIR:2016,
	author					= {CIR},
	title						= {Crédit d'impôts recherche},
	date						= {2016},
	publisher 			= {Ministère de l'Éducation nationale, de l'Enseignement supérieur et de la Recherche },
	location				= {Paris},
	pagetotal				= 52,
	language				= {french},
	url							= {http://cache.media.enseignementsup-recherche.gouv.fr/file/guide_CIR/85/1/CIR-2016_vdf_544851.pdf},
}




%---- OnLine
%------------------------------------------------
@online{Cassagne:2019,
	author					= {David Cassagne},
	title						= {Cours Python 3 pour la programmation scientifique},
	date						= {2019},
	urldate					= {2020-06-01},
	%issn						= {},
	%publisher 			= {},
	%location				= {},
	language				= {french},
	langid					= {french},
	url							= {https://courspython.com/},
	note						= {Licence Creative Commons BY--NC--SA 4.0.},
	keywords				= {inria-mooc},
}
@online{DeveloppezMerise:2003,
	author					= {SQLpro},
	title						= {Petit guide d'analyse des données à l'aide de la méthode Merise},
	urldate					= {2017-10-02},
	date						= {2003},%{2003-12-11},
	publisher 			= {Développez.com},
	language				= {french},
	langid					= {french},
	url							= {http://sqlpro.developpez.com/cours/modelisation/merise/},
	keywords				= {cnam-nfa007,cnam-nfa013,cnam-nfa008,cnam-nfa011},
}
@online{DeveloppezNormalization:2012,
	author					= {François {de Sainte Marie}},
	title						= {Bases de données relationnelles et normalisation : de la première à la sixième forme normale},
	urldate					= {2017-10-02},
	date						= {2012},%{2012-07-14},
	publisher 			= {Développez.com},
	language				= {french},
	langid					= {french},
	url							= {http://fsmrel.developpez.com/},
	keywords				= {cnam-nfa008,cnam-nfa011},
}
@online{InsaSGBD:2015,
	author					= {Géraldine {Del Mondo} and Michel Main\-guenaud},
	title						= {Bases de données relationnelles et leurs extensions spatiales},
	date						= {2015},
	urldate					= {2017-10-02},
	publisher 			= {Insa--Rouen},
	location				= {Rouen},
	language				= {french},
	langid					= {french},
	url							= {http://scenari.insa-rouen.fr/utop/table_matieres/version_2015-02/cours/co/utop_web.html},
	keywords				= {cnam-nfa008,cnam-nfa011},
}
@online{Interstices,
	author					= {{Interstices coll.}},
	title						= {Interstices.info},
	date						= {2020},
	issn						= {2270-6224},
	publisher 			= {Inria},
	location				= {Le Chesnay},
	language				= {french},
	langid					= {french},
	url							= {https://interstices.info},
	urldate					= {2020-06-01},
	note						= {Licence Creative Commons BY--NC--ND 4.0.
										Voir \href{https://interstices.info/mentions-legales/}{Mentions légales}.},
	keywords				= {inria-mooc},
}
@online{PostgreSQL,
	author					= {{Global Development Group} PostgreSQL},
	title						= {Documentation PostgreSQL},
	publisher 			= {PostgreSQLfr},
	language				= {french},
	langid					= {french},
	url							= {https://docs.postgresql.fr/},
	urldate					= {2017-10-02},
	keywords				= {cnam-nfa008,cnam-nfa011},
}
@online{Python,
	author					= {{Python Software Foundation}},
	title						= {Python},
	date						= {2020},
	%issn						= {},
	publisher 			= {Python Software Foundation},
	location				= {Beaverton, OR},
	language				= {english},
	langid					= {english},
	url							= {https://www.python.org},
	urldate					= {2020-06-01},
	note						= {},
	keywords				= {inria-mooc},
}
@online{Rougier:2017,
	author					= {Nicolas P. Rougier},
	title						= {From Python to numpy},
	subtitle				= {},
	date						= {2017},
	doi							= {10.5281/zenodo.225783},
	location				= {Bordeaux},
	language				= {english},
	langid					= {english},
	url							= {https://www.labri.fr/perso/nrougier/from-python-to-numpy/},
	urldate					= {2020-06-01},
	keywords				= {inria-mooc},
	note						= {Licence Creative Commons BY--NC--SA 4.0.},
	%abstract				= {},
}
@online{Rougier:2020a,
	author					= {Nicolas P. Rougier},
	title						= {Matplotbib tutorial},
	date						= {2020},
	urldate					= {2020-06-01},
	%issn						= {},
	%publisher 			= {},
	%location				= {},
	language				= {french},
	langid					= {french},
	url							= {https://github.com/rougier/matplotlib-tutorial},
	%note						= {},
	keywords				= {inria-mooc},
}
@online{Syntec:2016,
	author					= {\textsc{Syntec--Numérique}},
	title						= {La transformation numérique},
	date						= {2016-01-08},
	publisher 			= {Transition numérique},
	location				= {Paris},
	language				= {french},
	url							= {https://www.youtube.com/watch?v=VgQ6pdSBDcM},
}
@online{Wikipedia,
	author					= {{Wikipedia coll.}},
	title						= {Wikipedia.org},
	date						= {2020},
	urldate					= {2020-06-01},
	%issn						= {},
	publisher 			= {Wikimedia Foundation},
	location				= {San Francisco, CA},
	language				= {french},
	langid					= {french},
	url							= {https://fr.wikipedia.org},
	note						= {Licence Creative Commons BY--SA 3.0 et GNU Free Documentation License GFDL.
										Voir \href{https://foundation.wikimedia.org/wiki/Terms\_of\_Use/fr}{Conditions d'utilisation}.},
	keywords				= {inria-mooc},
}

%---- Videos (falls back as @misc)
%------------------------------------------------
%@video{Engelbart-video:1968,% Unknown type
@misc{Engelbart-video:1968,
	author					= {Douglas C. Engelbart},
	title						= {A Research Center for Augmenting Human Intellect (\textsc{Augment} 3954)},
	%type						= {video},% If not precised in the note
	%date						= {1968-12-09},
	year						= {1968},
	organization		= {Stanford Research Institute},
	%location				= {Menlo Park, California},
	language				= {english},
	langid					= {english},
	url							= {https://web.stanford.edu/dept/SUL/library/extra4/sloan/MouseSite/1968Demo.html},
	urldate					= {2019-09-01},
	note						= {90 minutes video recording of live online hypermedia demonstration/presentation
										at the Fall Joint Computer Conference, San Francisco, CA, December 9, 1968.},
	keywords				= {inria-mooc},
}


%===================================================================================================
% TeX − (La)TeX
%===================================================================================================

%---- Books
%------------------------------------------------
@book{Bitouze-Charpentier:2010,
	author					= {Denis Bitouzé and Jean-Côme Charpen\-tier},
	title						= {\LaTeX{}, l'essentiel},
	subtitle				= {Pour une prise en main rapide et efficace},
	date						= {2010},
	%editor					= {},
	%editortype			= {collaborator},
	edition					= {},
	%series					= {},
	publisher 			= {\textsc{Pearson Education France}},
	location				= {Paris},
	pagetotal				= 372,
	language				= {french},
	langid					= {french},
	library					= {www.pearson.com},
	isbn						= {978-2-7440-7451-6},
	%url						= {},
	%urldate				= {},
	keywords				= {latex},
	note						= {},
	abstract				= {\LaTeX\ est un système qui permet de rédiger et de mettre en forme 
										des articles de recherche, des polycopiés de cours, des mémoires, des thèses 
										ou des rapports de stage, notamment s'ils comprennent des éléments 
										mathématiques. La prise en main de ce puissant outil n'est pas immédiate. 
										Elle nécessite que les débutants et « ceux qui l'ont été » soient accompagnés 
										dans leur (re)découverte : c'est à eux que s'adresse plus particulièrement 
										cet ouvrage.\\
										Ce livre présente l'essentiel de ce qu'il faut savoir pour composer 
										des documents avec \LaTeX. Le lecteur est guidé pas à pas dans son 
										apprentissage grâce à un cours progressif, illustré d'exemples pratiques. 
										Les auteurs exposent notamment : 
										\begin{jazzitemize}
										\item l'installation et la prise en main du système ; 
										\item la réalisation de formules et l'insertion de schémas ; 
										\item certaines compositions plus spécifiques (PSTricks, classe Beamer, etc.) ; 
										\item la gestion des index avec xindy et des bibliographies avec biblatex. 
										\end{jazzitemize}
										Chaque chapitre se clôt par une série d'exercices, choisis avec soin, 
										dont les corrigés détaillés sont disponibles sur Internet. 
										L'ensemble permet d'assimiler, d'illustrer plus concrètement et de mettre 
										en pratique les différentes fonctions présentées.},
}
@book{Knuth:1984,
	author					= {Donald E. Knuth},
	title						= {\TeX book},
	subtitle				= {Computers \& Typesetting},
	date						= {1984},
	%editor					= {},
	%editortype			= {collaborator},
	edition					= {3},
	%series					= {},
	publisher 			= {\textsc{Addison-Wesley Professional}},
	location				= {Reading, Massachusetts},
	pagetotal				= 496,
	language				= {english},
	langid					= {english},
	library					= {www.pearson.com},
	isbn						= {0-201-13448-9},
	%url						= {},
	%urldate				= {},
	keywords				= {latex},
	note						= {\itshape Incorporates the final corrections made in 1996, and a few dozen more},
	abstract				= {Here is the definitive guide to the use of \TeX, written by the system's 
										creator, Donald E. Knuth.\\
										\TeX\ represents the state of the art in computer typesetting. 
										It is particularly valuable where the document, article, or book to be produced 
										contains a lot of mathematics, and where the user is concerned about typographic 
										quality. \TeX\ software offers both writers and publishers the opportunity 
										to produce technical text of all kinds, in an attractive form, 
										with the speed and efficiency of a computer system.\\
										Novice and expert users alike will gain from The \TeX book the level 
										of information they seek. Knuth warns newcomers away from the more difficult 
										areas, while he entices experienced users with new challenges. The novice need 
										not learn much about TeX to prepare a simple manuscript with it. 
										But for the preparation of more complex documents, The TeXbook contains 
										all the detail required.\\
										Knuth's familiar wit, and illustrations specially drawn by Duane Bibby, 
										add a light touch to an unusually readable software manual.\\
										The TeXbook is the first in a five-volume series on Computers and Typesetting, 
										all authored by Knuth.},
}
@book{Knuth-fr:2003,
	author					= {Donald E. Knuth},
	title						= {Le \TeX book},
	subtitle				= {Composition informatique},
	translator			= {Jean-Côme Charpentier},
	date						= {2003},
	%editor					= {},
	%editortype			= {collaborator},
	edition					= {1},
	%series					= {},
	publisher 			= {\textsc{Vuibert}},
	location				= {Paris},
	pagetotal				= 555,
	language				= {french},
	langid					= {french},
	library					= {www.vuibert.fr},
	isbn						= {2-7117-4819-7},
	%url						= {},
	%urldate				= {},
	keywords				= {latex},
	%note						= {Traduction : Jean-Côme \textsc{Charpentier}},
	abstract				= {\TeX\ est un logiciel de composition qui permet l'écriture et la publication 
										de documents, articles ou livres, des plus simples aux plus complexes. 
										Particulièrement adapté aux écritures mathématiques et à la rédaction 
										de documents scientifiques et techniques (physique, chimie, mais aussi 
										langues étrangères et linguistique), il est devenu un outil incontournable 
										pour bon nombre d'étudiants et de chercheurs de toutes nationalités 
										et de toutes disciplines.\\
										Son succès est dû à plusieurs facteurs : qualité typographique des documents 
										qu'il génère, modularité, efficacité, gratuité et disponibilité sur quasiment 
										tous les systèmes informatiques.\\
										Cet ouvrage s'adresse aux utilisateurs novices comme aux experts. 
										Guide de prise en main mais aussi manuel de référence, il contient 
										tous les détails requis en vue d'un usage avancé. 
										Les chapitres suivent les étapes de la mise en œuvre du logiciel 
										et d'une rédaction type. Les difficultés sont signalées de façon 
										à permettre plusieurs niveaux de lecture. Enfin, il contient 
										de nombreux exercices d'application, qui en font un excellent 
										outil d'auto-apprentissage},
}
@book{Lamport:1994,
	author					= {Leslie Lamport},
	title						= {\LaTeX{}: A Document Preparation System},
	subtitle				= {User's Guide and Reference Manual},
	date						= {1994},
	%editor					= {},
	%editortype			= {collaborator},
	edition					= {2},
	%series					= {},
	publisher 			= {\textsc{Addison-Wesley}},
	location				= {Indianapolis},
	pagetotal				= 272,
	language				= {english},
	langid					= {english},
	library					= {www.pearson.com},
	isbn						= {0-201-52983-1},
	%url						= {},
	%urldate				= {},
	keywords				= {latex},
	%note						= {\itshape Updated for \LaTeXe. 13\textsuperscript{th} Printing, 2001.},
	abstract				= {\LaTeX\ is a software system for typesetting documents. Because it is 
										especially good for technical documents and is available for almost any 
										computer system, \LaTeX\ has become a \emph{lingua franca} of 
										the scierntific world. Researchers, educators, and students in universities, 
										as well as scientists in industry, use \LaTeX\ to produce professionally 
										formated papers, proposals, and books. They also use \LaTeX\ input 
										to communicate information electronically to their colleagues around the world.\\
										With the realease of \LaTeXe, the new standard version, \LaTeX\ has become 
										even more powerful. Among its new features are an improved method 
										for handling different style of type, and commands for including graphics 
										and producing colors. \LaTeXe\ makes available to \emph{all} \LaTeX\ users 
										valuable enhancements to the software that have been developed over the years 
										by users in many different places to satisfy a variety of needs.\\
										This book, written by the original architect and implementer of \LaTeX, 
										is both the user's guide and the reference manual for the software. 
										It has been updated to reflect the changes in the new release. This book begins 
										with instructions for formatting simpler text, and progressivelly describes 
										commands and techniques for handling larger and more complicated documents. 
										A separate chapter explains how to to deal with errors. 
										An added appendix describes what is new and different in \LaTeXe. 
										Other additions to the second edition include:
										\begin{jazzitemize}
										\item Descriptions of new commands for inserting pictures prepared with 
										other programs and for producing colored output;
										\item New sections on how to make books and slides;
										\item Instructions for making and index with the \emph{MakeIndex} program, 
										and an updated guide to preparing a bibliography with the \emph{Bib\TeX} program;
										\item A section on how to send your LaTeX documents electronically.
										\end{jazzitemize}
										Users new to \LaTeX\ will find here a book that has earned worlwide praise 
										as a model for clear, concise, and practical documentation. Experienced users 
										will want to update their \LaTeX library.
										Although most standard \LaTeX\ input files will work with \LaTeXe, 
										to take advantage of the new features, a few \LaTeXe\ must first be learned. 
										For users who want an advanced guide to \LaTeXe\ and to more than 150 packages 
										that can now be used at any site to provide additional features, 
										a useful companion to this book is \emph{The \LaTeX\ Companion}, 
										by \textsc{Goossens}, \textsc{Mittelbach} and \textsc{Samarin} 
										(also published by Addison-Wesley).},
}
@book{Lachand-Robert:1999,
	author					= {Thomas Lachand-Robert},     
	title						= {La maîtrise de \TeX\ et \LaTeX},
	subtitle				= {},
	date						= {1995},
	%editor					= {},
	%editortype			= {collaborator},
	edition					= {1},
	%series					= {},
	publisher 			= {\textsc{Masson}},
	location				= {Paris},
	pagetotal				= 644,
	language				= {french},
	langid					= {french},
	library					= {www.masson.com},
	isbn						= {2-225-84832-7},
	%url						= {},
	%urldate				= {},
	keywords				= {latex},
	note						= {},
	abstract				= {Doit-on encore présenter \TeX\ ? Curieusement, ce logiciel très répandu 
										dans le monde universitaire ne semble pas pénétrer facilement le monde 
										de l'entreprise ou des particuliers. Pourtant, ce fantastique outil associe 
										les capacités de logiciel de traitement de texte, notamment pour le formalisme 
										mathématique et de PAO. Il devrait donc séduire plus d'un utilisateur. 
										On le dit vieillot : \TeX\ a été conçu de manière à rester indémodable, 
										donc d'utilisation constante et permettant d'intégrer les fichiers faits 
										sous des versions antérieures. On le dit compliqué : \TeX\ est un logiciel 
										compilable, c'est-à-dire que les modifications apportées au texte ne sont 
										visibles qu'après traitement du fichier source. Cette singularité est une 
										conséquence de la puissance de \TeX\ : l'utilisateur peut y définir de A à Z 
										sa mise en page, mais aussi utiliser des modèles préexistant s'il le souhaite. 
										On le croit restreint à un petit nombre d'utilisateurs : \TeX\ est probablement 
										le premier traitement de texte performant utilisé aux « quatre coins » du globe. 
										En effet, transmissibles par courrier électronique, les fichiers \TeX\ 
										permettent une circulation rapide de l'information et de sa mise en forme, 
										ainsi qu'une réponse, éventuellement modifiée. Parmi les nombreuses qualités 
										de \TeX, notons son intangibilité, quels que soient le matériel et 
										la configuration utilisés. En ce sens, \TeX\ préfigure la norme unique 
										qui verra nécessairement le jour quand seront mises en œuvre 
										les véritables autoroutes de l'information. Enfin, et ce n'est pas 
										un point mineur, \TeX\ est un logiciel gratuit, contrairement à tous 
										les autres logiciels équivalents.\\
										Que lui manque-t-il pour devenir \emph{le} traitement de texte ? Probablement 
										un discours clair et précis sur son utilisation et ses possibilités. 
										Ce livre, destiné à tout utilisateur intéressé par \TeX, tente de répondre 
										à ces exigences tout en restant accessible au non-informaticien.},
}
@book{Mittelbach-Goossens:2005,
	author					= {Franck Mittelbach and Michel Goossens},
	title						= {\LaTeX\ Companion},
	subtitle				= {},
	translator			= {Jacques André and Benoît Belet and Jean-Côme Charpentier and 
										 Jean-Michel Hufflen and Yves Soulet},
	date						= {2005},
	%editor					= {},
	%editortype			= {collaborator},
	edition					= {2},
	%series					= {},
	publisher 			= {\textsc{Pearson Education France}},
	location				= {Paris},
	pagetotal				= 1008,
	language				= {french},
	langid					= {french},
	library					= {www.pearson.com},
	isbn						= {2-7440-7133-1},
	%url						= {},
	%urldate				= {},
	keywords				= {latex},
	%note						= {Traduction française : Jacques \textsc{André}, Benoît \textsc{Belet}, Jean-Côme 
	%									\textsc{Charpentier}, Jean-Michel \textsc{Hufflen},	Yves \textsc{Soulet}.},
	abstract				= {Langage de programmation dédié à l'écriture et à la composition de documents 
										structurés, \LaTeX\ permet de rédiger des notes, des articles, des mémoires 
										de thèse et des livres dans tous les domaines scientifiques (physique, 
										mathématiques, chimie, statistique mais aussi économie ou philologie) 
										et de les mettre en pages avec une qualité typographique remarquable.\\
										Cette nouvelle édition du \LaTeX\ Companion, entièrement revue, présente 200 
										des plus récentes extensions écrites pour \LaTeX. Rédigée par quelques uns 
										des principaux développeurs du langage, elle offre au lecteur des conseils sur :
										\begin{multicols}{2}
										\begin{jazzitemize}
										\item la mise en forme des documents ; 
										\item la création de tableaux ; 
										\item la composition des mathématiques ; 
										\item les polices de caractère ; 
										\item la création de graphiques ; 
										\item l'écriture de textes multilingues ; 
										\item la gestion des bibliographies ; 
										\item la génération de listes et d'index...
										\end{jazzitemize}
										\end{multicols}
										Les principales difficultés techniques et typographiques et les moyens 
										de les résoudre, sont présentées et illustrées par plus de 900 exemples, 
										disponibles sur le site qui accompagne l'ouvrage. On y trouvera aussi 
										une bibliographie commentée et de nombreuses annexes.\\
									  \LaTeX\ Companion 2\textsuperscript{ième} édition est destiné aux utilisateurs 
									  intermédiaires et confirmés voulant tirer profit 
									  de toutes les fonctionnalités de \LaTeX.},
}
@book{Rolland:1999,
	author					= {Christian Rolland},
	title						= {\LaTeX\ par la pratique},
	subtitle				= {},
	date						= {2005},
	%editor					= {},
	%editortype			= {collaborator},
	edition					= {1},
	%series					= {},
	publisher 			= {\textsc{O'Reilly France}},
	location				= {Paris},
	pagetotal				= 560,
	language				= {french},
	langid					= {french},
	library					= {www.oreilly.com},
	isbn						= {2-84177-073-7},
	%url						= {},
	%urldate				= {},
	keywords				= {latex},
	note						= {},
	abstract				= {\LaTeX\ est un outil de formatage de texte libre et gratuit, qui permet 
									d'obtenir aisément une qualité typographique sans égale sur tous les systèmes 
									d'exploitation majeurs. Après s'être imposé en leader du traitement de texte 
									scientifique, il est promis à un avenir brillant, notamment en tant que 
									plate-forme d'impression de documents SGML ou XML.\\
									Ce livre est le seul ouvrage en français spécifiquement consacré à \LaTeX. 
									Son approche est résolument pratique et s'adresse aussi bien aux débutants 
									souhaitant se familiariser avec la syntaxe de \LaTeX, réputée austère, 
									qu'aux pratiquants réguliers qui veulent trouver rapidement une solution 
									aux problèmes les plus complexes. En 18 chapitres et 4 annexes, vous serez 
									à même de trouver rapidement l'information qui vous manque, quels que soient 
									vos besoins et vos connaissances. Vous trouverez dans \LaTeX\ par la pratique : 
									\begin{jazzitemize}
									\item des chapitres introductifs, qui montrent comment créer rapidement 
									des documents simples, contenant listes, tableaux ou formules mathématiques, 
									\item tout sur l'inclusion de dessins et illustrations. Un chapitre est consacré 
									aux techniques de base, un autre au graphisme avancé ; 
									\item des chapitres avancés, où l'on explore l'univers des mathématiques complexes 
									ou des tableaux imbriqués ; 
									\item tous les renseignements nécessaires, exemples à l'appui, pour gérer 
									de longs documents à l'aide de tables des matières, compteurs de figures, 
									index, bibliographies, etc. ; 
									\item des explications détaillées concernant la création de classes 
									et autres extensions personnelles ; 
									\item quelques digressions autour de \LaTeX, y compris une présentation 
									des principaux outils de conversion LaTeX vers HTML.
									\end{jazzitemize}},
}
@book{voss:2010,
	author					= {Herbert Voss},
	title						= {Typesetting Mathematics with \LaTeX},
	subtitle				= {},
	date						= {2010},
	%editor					= {},
	%editortype			= {collaborator},
	edition					= {1},
	%series					= {},
	publisher 			= {\textsc{UIT Cambridge}},
	location				= {Cambridge, UK},
	pagetotal				= 304,
	language				= {english},
	langid					= {english},
	library					= {www.uit.co.uk},
	isbn						= {978-1-906-86017-2},
	%url						= {},
	%urldate				= {},
	keywords				= {latex},
	note						= {\itshape Updated for \LaTeXe. 13\textsuperscript{th} Printing, 2001.},
	abstract				= {},
}



%---- OnLine
%------------------------------------------------
@online{TeXLive,
	author					= {{TeX Users Group}},
	title						= {TeX Live 2020},
	date						= {2020},
	urldate					= {2020-06-01},
	%issn						= {},
	publisher 			= {TeX Users Group},
	location				= {Portland, OR},
	language				= {english},
	langid					= {english},
	url							= {https://www.tug.org/texlive},
	note						= {},
	keywords				= {latex},
}
@online{TeXSX,
	author					= {{TeX SX}},
	title						= {TeX StackExchange},
	date						= {2020},
	urldate					= {2020-06-01},
	%issn						= {},
	publisher 			= {Stack Exchange Inc;},
	location				= {New York, NY},
	language				= {english},
	langid					= {english},
	url							= {https://tex.stackexchange.com},
	note						= {},
	keywords				= {latex},
}







%===================================================================================================
% ACOUSTICS / MUSICAL ACOUSTICS / SOUND SYNTHESIS
%===================================================================================================

%---- Thesis
%------------------------------------------------
%@mastersthesis{Ruiz:1970,
@thesis{Ruiz:1970,
	author					= "Pierre M. {Ruiz}",
	%title						= "A technique for simulating the vibrations of strings with a digital computer",
	title						= "\textit{A technique for simulating the vibrations of strings with a digital computer}",
	%school					= "Univerty of Illinois",
	institution			= "Univerty of Illinois",
	address					= "Urbana, Illinois",
	year						= "1970",
	language				= {english},
	langid					= {english},
	type						= {Master's thesis},
	keywords				= {acoustics, inria-mooc},
}

%---- Articles
%------------------------------------------------
@article{HillerRuiz:1971,
	author					= {Lejaren A. {Hiller} and Pierre M. {Ruiz}},%  Arthur
	title						= {Synthesizing musical sounds by solving the wave equation for vibrating objects},
	journal					= {Journal of the Audio Engineering Society},
	%journaltitle		= {},
	volume					= {19},
	number					= {6/7},
	pages						= {462–470 (Part I) and 542–551 (Part II)},
	year						= {1971},
	language				= {english},
	langid					= {english},
	issn						= {1549-4950},
	%doi							= {},
	url							= {http://www.aes.org/e-lib/browse.cfm?elib=2156},
	publisher				= {AES},
	%eprint					= {},
	%abstract				= {},
	keywords				= {acoustics, inria-mooc},
	%addendum				= {},
}
@article{HillerRuiz:1971a,
	author					= {Lejaren A. {Hiller} and Pierre M. {Ruiz}},%  Arthur
	title						= {Synthesizing musical sounds by solving the wave equation for vibrating objects (Part I)},
	journal					= {Journal of the Audio Engineering Society},
	%journaltitle		= {},
	volume					= {19},
	number					= {6},
	pages						= {462–470},
	year						= {1971},
	language				= {english},
	langid					= {english},
	issn						= {1549-4950},
	%doi							= {},
	url							= {http://www.aes.org/e-lib/browse.cfm?elib=2156},
	publisher				= {AES},
	%eprint					= {},
	%abstract				= {},
	keywords				= {acoustics},
	%addendum				= {},
}
@article{HillerRuiz:1971b,
	author					= {Lejaren A. {Hiller} and Pierre M. {Ruiz}},%  Arthur
	title						= {Synthesizing musical sounds by solving the wave equation for vibrating objects (Part II)},
	journal					= {Journal of the Audio Engineering Society},
	%journaltitle		= {},
	volume					= {19},
	number					= {7},
	pages						= {542–551},
	year						= {1971},
	language				= {english},
	langid					= {english},
	issn						= {1549-4950},
	%doi							= {},
	url							= {http://www.aes.org/e-lib/browse.cfm?elib=2164},
	publisher				= {AES},
	%eprint					= {},
	%abstract				= {},
	keywords				= {acoustics},
	%addendum				= {},
}

%---- Books
%------------------------------------------------
@book{Botte-etal:1989,
	author					= {Marie-Claire Botte and Georges Canevet and Laurent Demany and Christel Sorin},
	title						= {Psychoacoustique et perception auditive},
	subtitle				= {},
	date						= {1989},
	%editor					= {},
	%editortype			= {collaborator},
	edition					= {1},
	%series					= {},
	publisher 			= {\textsc{EMInter/Inserm/Sfa/Cnet}},
	location				= {Paris},
	pagetotal				= 144,
	language				= {french},
	langid					= {french},
	library					= {www.lavoisier.com},
	isbn						= {2-85206-534-7},
	%url						= {},
	%urldate				= {},
	keywords				= {acoustics, inria-mooc},
	%note						= {},
	abstract				= {Ce volume vient combler une lacune parmi les ouvrages français, dont très peu 
										sont consacrés à la psychoacoustique. Les connaissances concernant 
										les attributs élémentaires de la perception auditive --- intensité subjective, 
										hauteur, localisation ---, ainsi que celles qui portent sur la perception 
										de la parole continue, sont exposées de façon détaillée et didactique 
										dans cet ouvrage. Un bilan de l'état des discussions théoriques et des enjeux 
										des recherches actuelles accompagne l'exposé de chacun des thèmes traités.},
}
@book{Roads:2007,
	author					= {Curtis Roads},
	title						= {L'audionumérique},
	subtitle				= {Musique et informatique},
	date						= {2007},
	%editor					= {},
	%editortype			= {collaborator},
	edition					= {2},
	%series					= {},
	publisher 			= {\textsc{Dunod}},
	location				= {Paris},
	pagetotal				= 672,
	language				= {french},
	langid					= {french},
	library					= {www.dunod.com},
	isbn						= {978-2-1005-1249-2},
	%url						= {},
	%urldate				= {},
	keywords				= {acoustics, inria-mooc},
	note						= {Traduction et adaptation française : Jean de \textsc{Reydellet}},
	abstract				= {La musique électronique et informatique nécessite des outils sophistiqués, 
										une grande habilité dans le travail de studio et une parfaite connaissance 
										des techniques audionumériques. Devenu au fil des années le livre de référence, 
										L’audionumérique s’adresse à tous les techniciens et ingénieurs du son 
										ainsi qu’aux musiciens compositeurs qui souhaitent découvrir 
										ce domaine ou se perfectionner. Largement illustré de schémas, 
										captures d’écran et photos, cet ouvrage présente l’ensemble des aspects 
										théoriques, pratiques et esthétiques de la synthèse et du traitement 
										d’un signal sonore dans un environnement numérique :
										\begin{itemize}\jazzitem
										\item la première partie traite de l’environnement et des outils : 
										mixage, filtres numériques, spatialisation et réverbération, hauteur et rythme, 
										méthodes d’analyse spectrale, MIDI, etc.
										\item la seconde partie aborde l’échantillonnage puis décrit dans le détail 
										tous les types de synthèse sonore : additive, granulaire, pulsar, 
										par modulation, formantique, graphique, etc.
										\end{itemize}},
}
@book{Rossing-Moore-Wheeler:2002,
	author					= {Thomas D. Rossing and Richard F. Moore and Paul A. Whee{\hyphenate}ler},
	title						= {The Science of Sound},
	subtitle				= {},
	date						= {2002},
	%editor					= {},
	%editortype			= {collaborator},
	edition					= {3},
	%series					= {},
	publisher 			= {\textsc{Addison-Wesley}},
	location				= {San Francisco},
	pagetotal				= 808,
	language				= {english},
	langid					= {english},
	library					= {www.pearson.com},
	isbn						= {0-8053-8565-7},
	%url						= {},
	%urldate				= {},
	keywords				= {acoustics, inria-mooc},
	%note						= {},
	abstract				= {The Science of Sound is widely recognized as the leading textbook in the field. 
										It provides an excellent introduction to acoustics for students without college 
										physics or a strong background in mathematics. 
										In the Third Edition, Richard Moore and Paul Wheeler join Tom Rossing 
										in updating The Science of Sound to include a wide range of important 
										technological developments in the field of acoustics. 
										New exercises and review questions have been added to the end of each chapter 
										to help students study the material.},
}
@book{Rossing-etal:2002,
	author					= {Thomas D. Rossing and Iskander Akhatov and Yoichi Ando and Keith Attenborough 
										and Whitlow W. L. Au and Kirk W. Beach and Mack A. Breazeale and Antoine Chaigne 
										and Perry R. Cook and James Cowan and Mark F. Davis and  Barbrina Dunmire and 
										Neville H. Fletcher and Colin Gough and William M. Hartmann and Finn Jacobsen 
										and Yang-Hann Kim and William A. Kuperman and Thomas Kurz and Werner Lauterborn 
										and Björn Lindblom and George C. Maling and Nils-Erik Molin and 
										Brian C. J. Moore and Alan D. Pierce and Philippe Roux and Johan Sundberg 
										and Gregory W. Swift and George S. K. Wong and Eric D. Young},
	title						= {Springer Handbook of Acoustics},
	subtitle				= {},
	date						= {2007},
	editor					= {Thomas D. Rossing},
	%editortype			= {collaborator},
	edition					= {1},
	series					= {Springer Handbooks},
	publisher 			= {\textsc{Springer Verlag}},
	location				= {New York},
	pagetotal				= 1182,
	language				= {english},
	langid					= {english},
	library					= {www.springer.com},
	language				= {english},
	langid					= {english},
	isbn						= {978-0-3873-0425-0},
	%url						= {},
	%urldate				= {},
	keywords				= {acoustics, inria-mooc},
	%note						= {},
	abstract				= {Acoustics, the science of sound, has developed into a broad interdisciplinary 
										field encompassing the academic disciplines of physics, engineering, psychology, 
										speech, audiology, music, architecture, physiology, neuroscience, and others. 
										The Springer Handbook of Acoustics is an unparalleled modern handbook reflecting 
										this richly interdisciplinary nature edited by one of the acknowledged masters 
										in the field, Thomas Rossing. Researchers and students benefit from 
										the comprehensive contents spanning: animal acoustics including infrasound 
										and ultrasound, environmental noise control, music and human speech and singing, 
										physiological and psychological acoustics, architectural acoustics, physical 
										and engineering acoustics, signal processing, medical acoustics, 
										and ocean acoustics. 
										This handbook reviews the most important areas of acoustics, with emphasis 
										on current research. The authors of the various chapters are all experts 
										in their fields. Each chapter is richly illustrated with figures and tables. 
										The latest research and applications are incorporated throughout, 
										e.g. computer recognition and synthesis of speech, physiological acoustics, 
										psychological acoustics, thermoacoustics, diagnostic imaging 
										and therapeutic applications and acoustical oceanography.},
}


